
<record>
  <controlfield tag="001">15653</controlfield>
  <controlfield tag="005">20160518101420.0</controlfield>
  <datafield tag="022" ind1=" " ind2=" ">
    <subfield code="a">0587-4254</subfield>
  </datafield>
  <datafield tag="024" ind1="7" ind2=" ">
    <subfield code="a">10.5506/APhysPolB.47.1185</subfield>
    <subfield code="2">DOI</subfield>
  </datafield>
  <datafield tag="035" ind1=" " ind2=" ">
    <subfield code="a">1382614</subfield>
    <subfield code="9">INSPIRE</subfield>
  </datafield>
  <datafield tag="037" ind1=" " ind2=" ">
    <subfield code="a">arXiv:1507.03345</subfield>
    <subfield code="9">arXiv</subfield>
  </datafield>
  <datafield tag="100" ind1=" " ind2=" ">
    <subfield code="a">Ghalenovi, Zahra</subfield>
    <subfield code="v">Department of Physics, Kosar University of Bojnord, Bojnord, Iran</subfield>
    <subfield code="w">Iran</subfield>
  </datafield>
  <datafield tag="245" ind1=" " ind2=" ">
    <subfield code="a">Masses of Heavy and Light Scalar Tetraquarks in a Non-relativistic Quark Model</subfield>
  </datafield>
  <datafield tag="260" ind1=" " ind2=" ">
    <subfield code="c">2016-05-01</subfield>
    <subfield code="b">Jagiellonian University</subfield>
  </datafield>
  <datafield tag="520" ind1=" " ind2=" ">
    <subfield code="a">Scalar tetraquark states are studied within the diquark--antidiquark picture in a non-relativistic approach. We consider two types of confining potentials, a quadratic and a linear one, to which we also add spin--spin, isospin--isospin, and spin--isospin interactions. We calculate the masses of the scalar diquarks and of the ground state open and hidden charmed and bottom scalar tetraquarks. Our results indicate that the scalar resonances $D_{0}^{\ast}(2400)$ and $D_{s}(2632)$ have a sizable tetraquark amount in their wave function, while, on the other hand, it turns out that the scalar states $D_{s0}^{\ast}(2317)$ and $X(3915)$ should not be considered as being predominantly diquark--antidiquark bound states. We also investigate the masses of light scalar diquarks and tetraquarks, which are comparable to the measured masses of the light scalar mesons.</subfield>
  </datafield>
  <datafield tag="540" ind1=" " ind2=" ">
    <subfield code="a">CC-BY-3.0</subfield>
    <subfield code="u">http://creativecommons.org/licenses/by/3.0/</subfield>
  </datafield>
  <datafield tag="542" ind1=" " ind2=" ">
    <subfield code="f">The Authors</subfield>
  </datafield>
  <datafield tag="591" ind1=" " ind2=" ">
    <subfield code="a">CC:1</subfield>
  </datafield>
  <datafield tag="591" ind1=" " ind2=" ">
    <subfield code="a">Authors:1</subfield>
  </datafield>
  <datafield tag="591" ind1=" " ind2=" ">
    <subfield code="a">SCOAP3:1</subfield>
  </datafield>
  <datafield tag="591" ind1=" " ind2=" ">
    <subfield code="a">Category:1</subfield>
  </datafield>
  <datafield tag="700" ind1=" " ind2=" ">
    <subfield code="a">Giacosa, Francesco</subfield>
    <subfield code="v">Institute of Physics, Jan Kochanowski University, 25-406 Kielce, Poland</subfield>
    <subfield code="w">Poland</subfield>
  </datafield>
  <datafield tag="700" ind1=" " ind2=" ">
    <subfield code="a">Rischke, Dirk H.</subfield>
    <subfield code="v">Institute for Theoretical Physics, Goethe University, Max-von-Laue-Str. 1, 60438 Frankfurt, Germany</subfield>
    <subfield code="w">Germany</subfield>
  </datafield>
  <datafield tag="773" ind1=" " ind2=" ">
    <subfield code="p">Acta Physica Polonica B</subfield>
    <subfield code="v">47</subfield>
    <subfield code="n">5</subfield>
    <subfield code="c">1185-1199</subfield>
    <subfield code="y">2016</subfield>
  </datafield>
  <datafield tag="856" ind1="4" ind2=" ">
    <subfield code="s">533850</subfield>
    <subfield code="u">http://repo.scoap3.org/record/15653/files/fulltext.pdf</subfield>
  </datafield>
  <datafield tag="856" ind1="4" ind2=" ">
    <subfield code="s">244015</subfield>
    <subfield code="u">http://repo.scoap3.org/record/15653/files/fulltext.pdf?subformat=pdfa</subfield>
    <subfield code="x">pdfa</subfield>
  </datafield>
  <datafield tag="909" ind1="C" ind2="O">
    <subfield code="o">oai:repo.scoap3.org:15653</subfield>
    <subfield code="p">GLOBAL_SET</subfield>
    <subfield code="p">ACTA_PHYSICA_POLONICA</subfield>
  </datafield>
  <datafield tag="980" ind1=" " ind2=" ">
    <subfield code="a">SCOAP3</subfield>
    <subfield code="b">Acta</subfield>
  </datafield>
</record>