
<record>
  <controlfield tag="001">14629</controlfield>
  <controlfield tag="005">20160307101617.0</controlfield>
  <datafield tag="022" ind1=" " ind2=" ">
    <subfield code="a">0587-4254</subfield>
  </datafield>
  <datafield tag="024" ind1="7" ind2=" ">
    <subfield code="a">10.5506/APhysPolB.47.349</subfield>
    <subfield code="2">DOI</subfield>
  </datafield>
  <datafield tag="035" ind1=" " ind2=" ">
    <subfield code="a">1421662</subfield>
    <subfield code="9">INSPIRE</subfield>
  </datafield>
  <datafield tag="037" ind1=" " ind2=" ">
    <subfield code="a">arXiv:1602.04635</subfield>
    <subfield code="9">arXiv</subfield>
    <subfield code="a">arXiv:1602.04635</subfield>
  </datafield>
  <datafield tag="100" ind1=" " ind2=" ">
    <subfield code="a">Bodek, Kazimierz</subfield>
    <subfield code="v">The Marian Smoluchowski Institute of Physics, Jagiellonian University, Łojasiewicza 11, 30-348 Kraków, Poland</subfield>
    <subfield code="w">Poland</subfield>
  </datafield>
  <datafield tag="245" ind1=" " ind2=" ">
    <subfield code="a">Beta-decay Correlations in the LHC Era</subfield>
  </datafield>
  <datafield tag="260" ind1=" " ind2=" ">
    <subfield code="c">2016-02-01</subfield>
    <subfield code="b">Jagiellonian University</subfield>
  </datafield>
  <datafield tag="520" ind1=" " ind2=" ">
    <subfield code="a">Neutron and nuclear beta-decay correlation coefficients are linearly sensitive to the exotic scalar and tensor interactions that are not included in the Standard Model. The proposed experiment will measure simultaneously 11 neutron correlation coefficients ($a$, $A$, $B$, $D$, $H$, $L$, $N$, $R$, $S$, $U$,~$V$) where 5 of them ($H$, $L$, $S$, $U$, $V$) were never addressed before. Silicon pixel detectors are considered as promising alternative to multi-wire gas chambers devoted to electron tracking in the original setup. The expected sensitivity limits for $\epsilon_{\mathrm{S}}$ and $\epsilon_{\mathrm{T}}$ --- EFT parameters describing the scalar and tensor contributions to be extracted from the transverse electron polarization related coefficients $H$, $L$, $N$, $R$, $S$, $U$, $V$ are discussed.</subfield>
  </datafield>
  <datafield tag="540" ind1=" " ind2=" ">
    <subfield code="a">CC-BY-3.0</subfield>
    <subfield code="u">http://creativecommons.org/licenses/by/3.0/</subfield>
  </datafield>
  <datafield tag="542" ind1=" " ind2=" ">
    <subfield code="f">The Author</subfield>
  </datafield>
  <datafield tag="591" ind1=" " ind2=" ">
    <subfield code="a">Category:1</subfield>
  </datafield>
  <datafield tag="591" ind1=" " ind2=" ">
    <subfield code="a">CC:1</subfield>
  </datafield>
  <datafield tag="591" ind1=" " ind2=" ">
    <subfield code="a">Authors:1</subfield>
  </datafield>
  <datafield tag="591" ind1=" " ind2=" ">
    <subfield code="a">SCOAP3:1</subfield>
  </datafield>
  <datafield tag="773" ind1=" " ind2=" ">
    <subfield code="p">Acta Physica Polonica B</subfield>
    <subfield code="v">47</subfield>
    <subfield code="n">2</subfield>
    <subfield code="c">349-356</subfield>
    <subfield code="y">2016</subfield>
  </datafield>
  <datafield tag="856" ind1="4" ind2=" ">
    <subfield code="s">143</subfield>
    <subfield code="u">http://repo.scoap3.org/record/14629/files/fulltext.pdf</subfield>
  </datafield>
  <datafield tag="856" ind1="4" ind2=" ">
    <subfield code="s">254557</subfield>
    <subfield code="u">http://repo.scoap3.org/record/14629/files/fulltext.pdf?subformat=pdfa</subfield>
    <subfield code="x">pdfa</subfield>
  </datafield>
  <datafield tag="909" ind1="C" ind2="O">
    <subfield code="o">oai:repo.scoap3.org:14629</subfield>
    <subfield code="p">GLOBAL_SET</subfield>
    <subfield code="p">ACTA_PHYSICA_POLONICA</subfield>
  </datafield>
  <datafield tag="980" ind1=" " ind2=" ">
    <subfield code="a">SCOAP3</subfield>
    <subfield code="b">Acta</subfield>
  </datafield>
</record>