
<record>
  <controlfield tag="001">12783</controlfield>
  <controlfield tag="005">20151125103852.0</controlfield>
  <datafield tag="022" ind1=" " ind2=" ">
    <subfield code="a">0587-4254</subfield>
  </datafield>
  <datafield tag="024" ind1="7" ind2=" ">
    <subfield code="a">10.5506/APhysPolB.46.2501</subfield>
    <subfield code="2">DOI</subfield>
  </datafield>
  <datafield tag="035" ind1=" " ind2=" ">
    <subfield code="a">1383894</subfield>
    <subfield code="9">INSPIRE</subfield>
  </datafield>
  <datafield tag="037" ind1=" " ind2=" ">
    <subfield code="a">arXiv:1507.05267</subfield>
    <subfield code="9">arXiv</subfield>
  </datafield>
  <datafield tag="245" ind1=" " ind2=" ">
    <subfield code="a">Transverse Momentum Dependent (TMD) Parton Distribution Functions: Status and Prospects</subfield>
  </datafield>
  <datafield tag="260" ind1=" " ind2=" ">
    <subfield code="c">2015-12-01</subfield>
    <subfield code="b">Jagiellonian University</subfield>
  </datafield>
  <datafield tag="520" ind1=" " ind2=" ">
    <subfield code="a">We review transverse momentum dependent (TMD) parton distribution functions, their application to topical issues in high-energy physics phenomenology, and their theoretical connections with QCD resummation, evolution and factorization theorems. We illustrate the use of TMDs via examples of multi-scale problems in hadronic collisions. These include transverse momentum $q_{\rm T}$ spectra of Higgs and vector bosons for low $q_{\rm T}$, and azimuthal correlations in the production of multiple jets associated with heavy bosons at large jet masses. We discuss computational tools for TMDs, and present the application of a new tool, {\sc TMDlib}, to parton density fits and parameterizations.</subfield>
  </datafield>
  <datafield tag="084" ind1=" " ind2=" ">
    <subfield code="a">12.38.--t</subfield>
    <subfield code="2">PACS</subfield>
  </datafield>
  <datafield tag="084" ind1=" " ind2=" ">
    <subfield code="a">13.85.--t</subfield>
    <subfield code="2">PACS</subfield>
  </datafield>
  <datafield tag="084" ind1=" " ind2=" ">
    <subfield code="a">14.70.--e</subfield>
    <subfield code="2">PACS</subfield>
  </datafield>
  <datafield tag="084" ind1=" " ind2=" ">
    <subfield code="a">14.80.--j</subfield>
    <subfield code="2">PACS</subfield>
  </datafield>
  <datafield tag="100" ind1=" " ind2=" ">
    <subfield code="a">Angeles-Martinez, R.</subfield>
    <subfield code="v">School of Physics and Astronomy, University of Manchester, UK</subfield>
    <subfield code="w">UK</subfield>
  </datafield>
  <datafield tag="540" ind1=" " ind2=" ">
    <subfield code="a">CC-BY-3.0</subfield>
    <subfield code="u">http://creativecommons.org/licenses/by/3.0/</subfield>
  </datafield>
  <datafield tag="542" ind1=" " ind2=" ">
    <subfield code="f">The Authors</subfield>
  </datafield>
  <datafield tag="591" ind1=" " ind2=" ">
    <subfield code="a">CC:1</subfield>
  </datafield>
  <datafield tag="591" ind1=" " ind2=" ">
    <subfield code="a">Authors:1</subfield>
  </datafield>
  <datafield tag="591" ind1=" " ind2=" ">
    <subfield code="a">SCOAP3:1</subfield>
  </datafield>
  <datafield tag="591" ind1=" " ind2=" ">
    <subfield code="a">Category:1</subfield>
  </datafield>
  <datafield tag="700" ind1=" " ind2=" ">
    <subfield code="a">Bacchetta, A.</subfield>
    <subfield code="v">INFN Sezione di Pavia and Dipartimento di Fisica, Università di Pavia, Italy</subfield>
    <subfield code="w">Italy</subfield>
  </datafield>
  <datafield tag="700" ind1=" " ind2=" ">
    <subfield code="a">Balitsky, I.I.</subfield>
    <subfield code="v">Physics Department, ODU and Theory Group, JLab, USA</subfield>
    <subfield code="w">USA</subfield>
  </datafield>
  <datafield tag="700" ind1=" " ind2=" ">
    <subfield code="a">Boer, D.</subfield>
    <subfield code="v">Van Swinderen Institute, University of Groningen, The Netherlands</subfield>
    <subfield code="w">Netherlands</subfield>
  </datafield>
  <datafield tag="700" ind1=" " ind2=" ">
    <subfield code="a">Boglione, M.</subfield>
    <subfield code="v">Dipartimento di Fisica, Università di Torino and INFN, Torino, Italy</subfield>
    <subfield code="w">Italy</subfield>
  </datafield>
  <datafield tag="700" ind1=" " ind2=" ">
    <subfield code="a">Boussarie, R.</subfield>
    <subfield code="v">LPT, Université Paris-Sud, CNRS, Orsay, France</subfield>
    <subfield code="w">France</subfield>
  </datafield>
  <datafield tag="700" ind1=" " ind2=" ">
    <subfield code="a">Ceccopieri, F.A.</subfield>
    <subfield code="v">FPA, Université de Liege, Belgium</subfield>
    <subfield code="w">Belgium</subfield>
  </datafield>
  <datafield tag="700" ind1=" " ind2=" ">
    <subfield code="a">Cherednikov, I.O.</subfield>
    <subfield code="v">Universiteit Antwerpen, Belgium</subfield>
    <subfield code="w">Belgium</subfield>
  </datafield>
  <datafield tag="700" ind1=" " ind2=" ">
    <subfield code="a">Connor, P.</subfield>
    <subfield code="v">DESY, Germany</subfield>
    <subfield code="w">Germany</subfield>
  </datafield>
  <datafield tag="700" ind1=" " ind2=" ">
    <subfield code="a">Echevarria, M.G.</subfield>
    <subfield code="v">Nikhef Theory Group and VU University, Amsterdam, The Netherlands</subfield>
    <subfield code="w">Netherlands</subfield>
  </datafield>
  <datafield tag="700" ind1=" " ind2=" ">
    <subfield code="a">Ferrera, G.</subfield>
    <subfield code="v">Dipartimento di Fisica, Università di Milano and INFN, Milano, Italy</subfield>
    <subfield code="w">Italy</subfield>
  </datafield>
  <datafield tag="700" ind1=" " ind2=" ">
    <subfield code="a">Grados Luyando, J.</subfield>
    <subfield code="v">DESY, Germany</subfield>
    <subfield code="w">Germany</subfield>
  </datafield>
  <datafield tag="700" ind1=" " ind2=" ">
    <subfield code="a">Hautmann, F.</subfield>
    <subfield code="v">RAL, University of Oxford and University of Southampton, UK</subfield>
    <subfield code="w">UK</subfield>
  </datafield>
  <datafield tag="700" ind1=" " ind2=" ">
    <subfield code="a">Jung, H.</subfield>
    <subfield code="v">Universiteit Antwerpen, Belgium</subfield>
    <subfield code="w">Belgium</subfield>
  </datafield>
  <datafield tag="700" ind1=" " ind2=" ">
    <subfield code="a">Kasemets, T.</subfield>
    <subfield code="v">Nikhef Theory Group and VU University, Amsterdam, The Netherlands</subfield>
    <subfield code="w">Netherlands</subfield>
  </datafield>
  <datafield tag="700" ind1=" " ind2=" ">
    <subfield code="a">Kutak, K.</subfield>
    <subfield code="v">Institute of Nuclear Physics Polish Academy of Sciences, Kraków, Poland</subfield>
    <subfield code="w">Poland</subfield>
  </datafield>
  <datafield tag="700" ind1=" " ind2=" ">
    <subfield code="a">Lansberg, J.P.</subfield>
    <subfield code="v">IPNO, Université Paris-Sud, CNRS/IN2P3, Orsay, France</subfield>
    <subfield code="w">France</subfield>
  </datafield>
  <datafield tag="700" ind1=" " ind2=" ">
    <subfield code="a">Lelek, A.</subfield>
    <subfield code="v">DESY, Germany</subfield>
    <subfield code="w">Germany</subfield>
  </datafield>
  <datafield tag="700" ind1=" " ind2=" ">
    <subfield code="a">Lykasov, G.</subfield>
    <subfield code="v">JINR Dubna, Russia</subfield>
    <subfield code="w">Russia</subfield>
  </datafield>
  <datafield tag="700" ind1=" " ind2=" ">
    <subfield code="a">Madrigal Martinez, J.D.</subfield>
    <subfield code="v">Institut de Physique Théorique, CEA Saclay, CNRS, Gif-sur-Yvette, France</subfield>
    <subfield code="w">France</subfield>
  </datafield>
  <datafield tag="700" ind1=" " ind2=" ">
    <subfield code="a">Mulders, P.J.</subfield>
    <subfield code="v">Nikhef Theory Group and VU University, Amsterdam, The Netherlands</subfield>
    <subfield code="w">Netherlands</subfield>
  </datafield>
  <datafield tag="700" ind1=" " ind2=" ">
    <subfield code="a">Nocera, E.R.</subfield>
    <subfield code="v">Dipartimento di Fisica, Università di Genova and INFN, Genova, Italy</subfield>
    <subfield code="w">Italy</subfield>
  </datafield>
  <datafield tag="700" ind1=" " ind2=" ">
    <subfield code="a">Petreska, E.</subfield>
    <subfield code="v">Centre de Physique Théorique, École Polytechnique, Palaiseau, France</subfield>
    <subfield code="w">France</subfield>
  </datafield>
  <datafield tag="700" ind1=" " ind2=" ">
    <subfield code="a">Pisano, C.</subfield>
    <subfield code="v">Universiteit Antwerpen, Belgium</subfield>
    <subfield code="w">Belgium</subfield>
  </datafield>
  <datafield tag="700" ind1=" " ind2=" ">
    <subfield code="a">Plačakytė, R.</subfield>
    <subfield code="v">DESY, Germany</subfield>
    <subfield code="w">Germany</subfield>
  </datafield>
  <datafield tag="700" ind1=" " ind2=" ">
    <subfield code="a">Radescu, V.</subfield>
    <subfield code="v">DESY, Germany</subfield>
    <subfield code="w">Germany</subfield>
  </datafield>
  <datafield tag="700" ind1=" " ind2=" ">
    <subfield code="a">Radici, M.</subfield>
    <subfield code="v">INFN Sezione di Pavia and Dipartimento di Fisica, Università di Pavia, Italy</subfield>
    <subfield code="w">Italy</subfield>
  </datafield>
  <datafield tag="700" ind1=" " ind2=" ">
    <subfield code="a">Schnell, G.</subfield>
    <subfield code="v">University of the Basque Country UPV/EHU and IKERBASQUE, Bilbao, Spain</subfield>
    <subfield code="w">Spain</subfield>
  </datafield>
  <datafield tag="700" ind1=" " ind2=" ">
    <subfield code="a">Scimemi, I.</subfield>
    <subfield code="v">Departamento de Física TeĂłrica II, Universidad Complutense de Madrid, Spain</subfield>
    <subfield code="w">Spain</subfield>
  </datafield>
  <datafield tag="700" ind1=" " ind2=" ">
    <subfield code="a">Signori, A.</subfield>
    <subfield code="v">Nikhef Theory Group and VU University, Amsterdam, The Netherlands</subfield>
    <subfield code="w">Netherlands</subfield>
  </datafield>
  <datafield tag="700" ind1=" " ind2=" ">
    <subfield code="a">Szymanowski, L.</subfield>
    <subfield code="v">National Centre for Nuclear Research, Warszawa, Poland</subfield>
    <subfield code="w">Poland</subfield>
  </datafield>
  <datafield tag="700" ind1=" " ind2=" ">
    <subfield code="a">Taheri Monfared, S.</subfield>
    <subfield code="v">School of Particles and Accelerators, Inst. for Research in Fundamental Sciences, Tehran, Iran</subfield>
    <subfield code="w">Iran</subfield>
  </datafield>
  <datafield tag="700" ind1=" " ind2=" ">
    <subfield code="a">Van der Veken, F.F.</subfield>
    <subfield code="v">Universiteit Antwerpen, Belgium</subfield>
    <subfield code="w">Belgium</subfield>
  </datafield>
  <datafield tag="700" ind1=" " ind2=" ">
    <subfield code="a">van Haevermaet, H.J.</subfield>
    <subfield code="v">Universiteit Antwerpen, Belgium</subfield>
    <subfield code="w">Belgium</subfield>
  </datafield>
  <datafield tag="700" ind1=" " ind2=" ">
    <subfield code="a">Van Mechelen, P.</subfield>
    <subfield code="v">Universiteit Antwerpen, Belgium</subfield>
    <subfield code="w">Belgium</subfield>
  </datafield>
  <datafield tag="700" ind1=" " ind2=" ">
    <subfield code="a">Vladimirov, A.A.</subfield>
    <subfield code="v">Department of Astronomy and Theoretical Physics, Lund University, Sweden</subfield>
    <subfield code="w">Sweden</subfield>
  </datafield>
  <datafield tag="700" ind1=" " ind2=" ">
    <subfield code="a">Wallon, S.</subfield>
    <subfield code="v">LPT, Université Paris-Sud, CNRS, Orsay, France</subfield>
    <subfield code="w">France</subfield>
  </datafield>
  <datafield tag="773" ind1=" " ind2=" ">
    <subfield code="p">Acta Physica Polonica B</subfield>
    <subfield code="v">46</subfield>
    <subfield code="n">12</subfield>
    <subfield code="c">2501-2534</subfield>
    <subfield code="y">2015</subfield>
  </datafield>
  <datafield tag="856" ind1="4" ind2=" ">
    <subfield code="s">1919427</subfield>
    <subfield code="u">http://repo.scoap3.org/record/12783/files/fulltext.pdf</subfield>
  </datafield>
  <datafield tag="856" ind1="4" ind2=" ">
    <subfield code="s">7622730</subfield>
    <subfield code="u">http://repo.scoap3.org/record/12783/files/fulltext.pdf?subformat=pdfa</subfield>
    <subfield code="x">pdfa</subfield>
  </datafield>
  <datafield tag="909" ind1="C" ind2="O">
    <subfield code="o">oai:repo.scoap3.org:12783</subfield>
    <subfield code="p">GLOBAL_SET</subfield>
    <subfield code="p">ACTA_PHYSICA_POLONICA</subfield>
  </datafield>
  <datafield tag="980" ind1=" " ind2=" ">
    <subfield code="a">SCOAP3</subfield>
    <subfield code="b">Acta</subfield>
  </datafield>
</record>