
<record>
  <controlfield tag="001">12261</controlfield>
  <controlfield tag="005">20151019004931.0</controlfield>
  <datafield tag="022" ind1=" " ind2=" ">
    <subfield code="a">0587-4254</subfield>
  </datafield>
  <datafield tag="024" ind1="7" ind2=" ">
    <subfield code="a">10.5506/APhysPolB.46.2019</subfield>
    <subfield code="2">DOI</subfield>
    <subfield code="t">2015-10-16T16:01:00Z</subfield>
  </datafield>
  <datafield tag="035" ind1=" " ind2=" ">
    <subfield code="a">1344000</subfield>
    <subfield code="9">INSPIRE</subfield>
  </datafield>
  <datafield tag="037" ind1=" " ind2=" ">
    <subfield code="a">arXiv:1502.03114</subfield>
    <subfield code="9">arXiv</subfield>
  </datafield>
  <datafield tag="245" ind1=" " ind2=" ">
    <subfield code="a">On the Longitudinal Structure Function in the Dipole Model</subfield>
  </datafield>
  <datafield tag="260" ind1=" " ind2=" ">
    <subfield code="c">2015-10-01</subfield>
    <subfield code="b">Jagiellonian University</subfield>
  </datafield>
  <datafield tag="520" ind1=" " ind2=" ">
    <subfield code="a">We compare new HERA data for the longitudinal structure function $F_{\rm L}$ with the predictions of different variants of the dipole model. In particular, we show that the ratio $F_{\rm L}/F_2$ is well described by the dipole models and is rather insensitive to the details of the fit. Fits to $F_2$ are performed with the help of geometrical scaling (GS). Using the property of GS, we derive the bounds for $F_{\rm L}/F_2$ both for the different versions of the dipole model and in the general case. Finally, we briefly discuss how the higher Fock components of the photon wave function may affect these bounds.</subfield>
  </datafield>
  <datafield tag="084" ind1=" " ind2=" ">
    <subfield code="a">13.85.Ni</subfield>
    <subfield code="2">PACS</subfield>
  </datafield>
  <datafield tag="084" ind1=" " ind2=" ">
    <subfield code="a">12.38.Lg</subfield>
    <subfield code="2">PACS</subfield>
  </datafield>
  <datafield tag="100" ind1=" " ind2=" ">
    <subfield code="a">Niedziela, Marek</subfield>
    <subfield code="v">The Marian Smoluchowski Institute of Physics, Jagiellonian University, Kraków, Poland</subfield>
    <subfield code="w">Poland</subfield>
  </datafield>
  <datafield tag="540" ind1=" " ind2=" ">
    <subfield code="a">CC-BY-3.0</subfield>
    <subfield code="u">http://creativecommons.org/licenses/by/3.0/</subfield>
  </datafield>
  <datafield tag="542" ind1=" " ind2=" ">
    <subfield code="f">The Authors</subfield>
  </datafield>
  <datafield tag="591" ind1=" " ind2=" ">
    <subfield code="a">CC:1</subfield>
  </datafield>
  <datafield tag="591" ind1=" " ind2=" ">
    <subfield code="a">Authors:1</subfield>
  </datafield>
  <datafield tag="591" ind1=" " ind2=" ">
    <subfield code="a">SCOAP3:1</subfield>
  </datafield>
  <datafield tag="591" ind1=" " ind2=" ">
    <subfield code="a">Category:1</subfield>
  </datafield>
  <datafield tag="700" ind1=" " ind2=" ">
    <subfield code="a">Praszalowicz, Michal</subfield>
    <subfield code="v">The Marian Smoluchowski Institute of Physics, Jagiellonian University, Kraków, Poland</subfield>
    <subfield code="w">Poland</subfield>
  </datafield>
  <datafield tag="773" ind1=" " ind2=" ">
    <subfield code="p">Acta Physica Polonica B</subfield>
    <subfield code="v">46</subfield>
    <subfield code="n">10</subfield>
    <subfield code="c">2019-2037</subfield>
    <subfield code="y">2015</subfield>
  </datafield>
  <datafield tag="856" ind1="4" ind2=" ">
    <subfield code="s">2238359</subfield>
    <subfield code="u">http://repo.scoap3.org/record/12261/files/fulltext.pdf</subfield>
  </datafield>
  <datafield tag="856" ind1="4" ind2=" ">
    <subfield code="s">1009188</subfield>
    <subfield code="u">http://repo.scoap3.org/record/12261/files/fulltext.pdf?subformat=pdfa</subfield>
    <subfield code="x">pdfa</subfield>
  </datafield>
  <datafield tag="909" ind1="C" ind2="O">
    <subfield code="o">oai:repo.scoap3.org:12261</subfield>
    <subfield code="p">GLOBAL_SET</subfield>
    <subfield code="p">ACTA_PHYSICA_POLONICA</subfield>
  </datafield>
  <datafield tag="980" ind1=" " ind2=" ">
    <subfield code="a">SCOAP3</subfield>
    <subfield code="b">Acta</subfield>
  </datafield>
</record>