
<record>
  <controlfield tag="001">10405</controlfield>
  <controlfield tag="005">20150526152050.0</controlfield>
  <datafield tag="022" ind1=" " ind2=" ">
    <subfield code="a">0587-4254</subfield>
  </datafield>
  <datafield tag="024" ind1="7" ind2=" ">
    <subfield code="a">10.5506/APhysPolB.46.983</subfield>
    <subfield code="2">DOI</subfield>
  </datafield>
  <datafield tag="035" ind1=" " ind2=" ">
    <subfield code="a">1335268</subfield>
    <subfield code="9">INSPIRE</subfield>
  </datafield>
  <datafield tag="037" ind1=" " ind2=" ">
    <subfield code="a">arXiv:1412.6681</subfield>
    <subfield code="9">arXiv</subfield>
  </datafield>
  <datafield tag="245" ind1=" " ind2=" ">
    <subfield code="a">Background to Higgs-boson Searches from Internal Conversions of Off-shell Photons Associated with $Z/\gamma ^*$-boson Production at the LHC</subfield>
  </datafield>
  <datafield tag="260" ind1=" " ind2=" ">
    <subfield code="c">2015-05-01</subfield>
    <subfield code="b">Jagiellonian University</subfield>
  </datafield>
  <datafield tag="520" ind1=" " ind2=" ">
    <subfield code="a">This paper presents the studies of the background contribution to the $H \rightarrow 4l$ searches originating from the processes of off-shell (virtual) photon emissions and their conversions into lepton pairs accompanying the production of $Z/\gamma ^*$-bosons at the LHC. They extend the analyses of the irreducible background presented in the ATLAS and CMS Higgs papers [{\it Phys. Lett.} {\bf B716}, 1 (2012); {\it Phys. Lett.} {\bf B726}, 88 (2013); {\it Phys. Rev.} {\bf D90}, 052004 (2014); CERN-PH-EP-2014-170, to appear in {\it Phys. Rev.} {\bf D}; {\it Phys. Lett.} {\bf B716}, 30 (2012); {\it Phys. Rev.} {\bf D89}, 92007 (2014)] by taking into account the emissions of off-shell photons by parton showers. Including these effects does not change significantly the Higgs-searches background level, provided that the transverse momentum of each of the final-state leptons is restricted to the range of $p_{\mathrm{T}, l} > 7$~GeV. In the kinematical region extended towards lower lepton transverse momenta, the parton-shower contribution becomes important. A measurement method for pinning down the parton-shower effects has been proposed.</subfield>
  </datafield>
  <datafield tag="084" ind1=" " ind2=" ">
    <subfield code="a">13.85.Qk</subfield>
    <subfield code="2">PACS</subfield>
  </datafield>
  <datafield tag="084" ind1=" " ind2=" ">
    <subfield code="a">14.70.Bh</subfield>
    <subfield code="2">PACS</subfield>
  </datafield>
  <datafield tag="084" ind1=" " ind2=" ">
    <subfield code="a">14.70.Hp</subfield>
    <subfield code="2">PACS</subfield>
  </datafield>
  <datafield tag="084" ind1=" " ind2=" ">
    <subfield code="a">14.80.Bn</subfield>
    <subfield code="2">PACS</subfield>
  </datafield>
  <datafield tag="100" ind1=" " ind2=" ">
    <subfield code="a">Fedynitch, Anatoli</subfield>
    <subfield code="v">CERN, 1211 Geneva 23, Switzerland</subfield>
    <subfield code="w">CERN</subfield>
  </datafield>
  <datafield tag="540" ind1=" " ind2=" ">
    <subfield code="a">CC-BY-3.0</subfield>
    <subfield code="u">http://creativecommons.org/licenses/by/3.0/</subfield>
  </datafield>
  <datafield tag="542" ind1=" " ind2=" ">
    <subfield code="f">The Authors</subfield>
  </datafield>
  <datafield tag="591" ind1=" " ind2=" ">
    <subfield code="a">CC:1</subfield>
  </datafield>
  <datafield tag="591" ind1=" " ind2=" ">
    <subfield code="a">Authors:0</subfield>
  </datafield>
  <datafield tag="591" ind1=" " ind2=" ">
    <subfield code="a">SCOAP3:1</subfield>
  </datafield>
  <datafield tag="591" ind1=" " ind2=" ">
    <subfield code="a">Category:1</subfield>
  </datafield>
  <datafield tag="700" ind1=" " ind2=" ">
    <subfield code="a">Krasny, Mieczysław Witold</subfield>
    <subfield code="v">Laboratoire de Physique Nucléaire et des Hautes Energies, Université Pierre et Marie Curie, Paris 6, Université Paris Diderot, Paris 7,CNRS–IN2P3, 4 pl. Jussieu, 75005 Paris, France</subfield>
    <subfield code="w">France</subfield>
  </datafield>
  <datafield tag="700" ind1=" " ind2=" ">
    <subfield code="a">Płaczek, Wiesław</subfield>
    <subfield code="v">The M. Smoluchowski Institute of Physics, Jagiellonian University, Łojasiewicza 11, 30-348 Kraków, Poland</subfield>
    <subfield code="w">Poland</subfield>
  </datafield>
  <datafield tag="773" ind1=" " ind2=" ">
    <subfield code="p">Acta Physica Polonica B</subfield>
    <subfield code="v">46</subfield>
    <subfield code="n">5</subfield>
    <subfield code="c">983-998</subfield>
    <subfield code="y">2015</subfield>
  </datafield>
  <datafield tag="856" ind1="4" ind2=" ">
    <subfield code="s">744791</subfield>
    <subfield code="u">http://repo.scoap3.org/record/10405/files/fulltext.pdf</subfield>
  </datafield>
  <datafield tag="856" ind1="4" ind2=" ">
    <subfield code="s">758811</subfield>
    <subfield code="u">http://repo.scoap3.org/record/10405/files/fulltext.pdf?subformat=pdfa</subfield>
    <subfield code="x">pdfa</subfield>
  </datafield>
  <datafield tag="909" ind1="C" ind2="O">
    <subfield code="o">oai:repo.scoap3.org:10405</subfield>
    <subfield code="p">GLOBAL_SET</subfield>
    <subfield code="p">ACTA_PHYSICA_POLONICA</subfield>
  </datafield>
  <datafield tag="980" ind1=" " ind2=" ">
    <subfield code="a">SCOAP3</subfield>
    <subfield code="b">Acta</subfield>
  </datafield>
</record>