
<record>
  <controlfield tag="001">9530</controlfield>
  <controlfield tag="005">20151126000732.0</controlfield>
  <datafield tag="022" ind1=" " ind2=" ">
    <subfield code="a">0587-4254</subfield>
  </datafield>
  <datafield tag="024" ind1="7" ind2=" ">
    <subfield code="a">10.5506/APhysPolB.46.257</subfield>
    <subfield code="2">DOI</subfield>
    <subfield code="t">2015-03-19T10:15:25Z</subfield>
  </datafield>
  <datafield tag="035" ind1=" " ind2=" ">
    <subfield code="a">1335158</subfield>
    <subfield code="9">INSPIRE</subfield>
  </datafield>
  <datafield tag="037" ind1=" " ind2=" ">
    <subfield code="a">arXiv:1412.6393</subfield>
    <subfield code="9">arXiv</subfield>
  </datafield>
  <datafield tag="245" ind1=" " ind2=" ">
    <subfield code="a">Analysis Tools for Next-Generation Hadron Spectroscopy Experiments</subfield>
  </datafield>
  <datafield tag="260" ind1=" " ind2=" ">
    <subfield code="c">2015-02-01</subfield>
    <subfield code="b">Jagiellonian University</subfield>
  </datafield>
  <datafield tag="520" ind1=" " ind2=" ">
    <subfield code="a">The series of workshops on {\it New Partial-Wave Analysis Tools for Next-Generation Hadron Spectroscopy Experiments} was initiated with the\break ATHOS 2012 meeting, which took place in Camogli, Italy, June 20--22, 2012. It was followed by ATHOS~2013 in Kloster Seeon near Munich, Germany, May 21--24, 2013. The third, ATHOS3, meeting is planned for April 13--17, 2015 at The George Washington University Virginia Science and Technology Campus, USA. The workshops focus on the development of amplitude analysis tools for meson and baryon spectroscopy, and complement other programs in hadron spectroscopy organized in the recent past including the INT-JLab Workshop on Hadron Spectroscopy in Seattle in 2009, the International Workshop on Amplitude Analysis in Hadron Spectroscopy at the ECT*-Trento in 2011, the School on Amplitude Analysis in Modern Physics in Bad Honnef in 2011, the Jefferson Lab Advanced Study Institute Summer School in 2012, and the School on Concepts of Modern Amplitude Analysis Techniques in Flecken-Zechlin near Berlin in September 2013. The aim of this document is to summarize the discussions that took place at the ATHOS~2012 and ATHOS~2013 meetings. We do not attempt a comprehensive review of the field of amplitude analysis, but offer a collection of thoughts that we hope may lay the ground for such a document. The material presented in the article was edited by the following Editorial Board: Marco Battaglieri, Bill J.~Briscoe, Su-Urk Chung, Michael D\"oring, JĂłzef Dudek, Geoffrey Fox, Christoph Hanhart, Martin Hoferichter, David G.~Ireland, Bernhard Ketzer, Bastian Kubis, Vincent Mathieu, Ryan Mitchell, Jos\'e R.~Pel\'aez, Elena Santopinto, Adam Szczepaniak.</subfield>
  </datafield>
  <datafield tag="084" ind1=" " ind2=" ">
    <subfield code="a">13.25.--k</subfield>
    <subfield code="2">PACS</subfield>
  </datafield>
  <datafield tag="084" ind1=" " ind2=" ">
    <subfield code="a">13.30.--a</subfield>
    <subfield code="2">PACS</subfield>
  </datafield>
  <datafield tag="084" ind1=" " ind2=" ">
    <subfield code="a">14.20.--c</subfield>
    <subfield code="2">PACS</subfield>
  </datafield>
  <datafield tag="084" ind1=" " ind2=" ">
    <subfield code="a">14.40.--n</subfield>
    <subfield code="2">PACS</subfield>
  </datafield>
  <datafield tag="100" ind1=" " ind2=" ">
    <subfield code="a">Battaglieri, M.</subfield>
    <subfield code="v">INFN Sezione di Genova, Genova, Italy</subfield>
    <subfield code="w">Italy</subfield>
  </datafield>
  <datafield tag="540" ind1=" " ind2=" ">
    <subfield code="a">CC-BY-3.0</subfield>
    <subfield code="u">http://creativecommons.org/licenses/by/3.0/</subfield>
  </datafield>
  <datafield tag="542" ind1=" " ind2=" ">
    <subfield code="f">The Authors</subfield>
  </datafield>
  <datafield tag="591" ind1=" " ind2=" ">
    <subfield code="a">CC:1</subfield>
  </datafield>
  <datafield tag="591" ind1=" " ind2=" ">
    <subfield code="a">Authors:1</subfield>
  </datafield>
  <datafield tag="591" ind1=" " ind2=" ">
    <subfield code="a">SCOAP3:1</subfield>
  </datafield>
  <datafield tag="591" ind1=" " ind2=" ">
    <subfield code="a">Category:1</subfield>
  </datafield>
  <datafield tag="700" ind1=" " ind2=" ">
    <subfield code="a">Briscoe, B.J.</subfield>
    <subfield code="v">The George Washington University, Washington D.C., USA</subfield>
    <subfield code="w">USA</subfield>
  </datafield>
  <datafield tag="700" ind1=" " ind2=" ">
    <subfield code="a">Celentano, A.</subfield>
    <subfield code="v">INFN Sezione di Genova, Genova, Italy</subfield>
    <subfield code="w">Italy</subfield>
  </datafield>
  <datafield tag="700" ind1=" " ind2=" ">
    <subfield code="a">Chung, S.-U.</subfield>
    <subfield code="v">Technische Universität München, Physik Department, Garching, Germany</subfield>
    <subfield code="w">Germany</subfield>
  </datafield>
  <datafield tag="700" ind1=" " ind2=" ">
    <subfield code="a">D'Angelo, A.</subfield>
    <subfield code="v">Università di Roma Tor Vergata and INFN, Sezione di Roma Tor Vergata, Rome, Italy</subfield>
    <subfield code="w">Italy</subfield>
  </datafield>
  <datafield tag="700" ind1=" " ind2=" ">
    <subfield code="a">De Vita, R.</subfield>
    <subfield code="v">INFN Sezione di Genova, Genova, Italy</subfield>
    <subfield code="w">Italy</subfield>
  </datafield>
  <datafield tag="700" ind1=" " ind2=" ">
    <subfield code="a">Döring, M.</subfield>
    <subfield code="v">The George Washington University, Washington D.C., USA</subfield>
    <subfield code="w">USA</subfield>
  </datafield>
  <datafield tag="700" ind1=" " ind2=" ">
    <subfield code="a">Dudek, J.J.</subfield>
    <subfield code="v">Thomas Jefferson National Accelerator Facility, Newport News VA, USA</subfield>
    <subfield code="w">USA</subfield>
  </datafield>
  <datafield tag="700" ind1=" " ind2=" ">
    <subfield code="a">Eidelman, S.</subfield>
    <subfield code="v">Budker Institute of Nuclear Physics and Novosibirsk State University, Novosibirsk, Russia</subfield>
    <subfield code="w">Russia</subfield>
  </datafield>
  <datafield tag="700" ind1=" " ind2=" ">
    <subfield code="a">Fegan, S.</subfield>
    <subfield code="v">INFN Sezione di Genova, Genova, Italy</subfield>
    <subfield code="w">Italy</subfield>
  </datafield>
  <datafield tag="700" ind1=" " ind2=" ">
    <subfield code="a">Ferretti, J.</subfield>
    <subfield code="v">Dipartimento di Fisica and INFN, Università di Roma Sapienza, Roma, Italy</subfield>
    <subfield code="w">Italy</subfield>
  </datafield>
  <datafield tag="700" ind1=" " ind2=" ">
    <subfield code="a">Filippi, A.</subfield>
    <subfield code="v">INFN Sezione di Torino, Torino, Italy</subfield>
    <subfield code="w">Italy</subfield>
  </datafield>
  <datafield tag="700" ind1=" " ind2=" ">
    <subfield code="a">Fox, G.</subfield>
    <subfield code="v">School of Informatics and Computing, Indiana University, Bloomington IN, USA</subfield>
    <subfield code="w">USA</subfield>
  </datafield>
  <datafield tag="700" ind1=" " ind2=" ">
    <subfield code="a">Galata, G.</subfield>
    <subfield code="v">INFN Sezione di Genova, Genova, Italy</subfield>
    <subfield code="w">Italy</subfield>
  </datafield>
  <datafield tag="700" ind1=" " ind2=" ">
    <subfield code="a">Garcia-Tecocoatzi, H.</subfield>
    <subfield code="v">Instituto de Ciencias Nucleares, Universidad Nacional Autónoma de México, México DF, México</subfield>
    <subfield code="w">Mexico</subfield>
  </datafield>
  <datafield tag="700" ind1=" " ind2=" ">
    <subfield code="a">Glazier, D.I.</subfield>
    <subfield code="v">SUPA, School of Physics and Astronomy, University of Glasgow, UK</subfield>
    <subfield code="w">UK</subfield>
  </datafield>
  <datafield tag="700" ind1=" " ind2=" ">
    <subfield code="a">Grube, B.</subfield>
    <subfield code="v">Technische Universität München, Physik Department, Garching, Germany</subfield>
    <subfield code="w">Germany</subfield>
  </datafield>
  <datafield tag="700" ind1=" " ind2=" ">
    <subfield code="a">Hanhart, C.</subfield>
    <subfield code="v">Institut für Kernphysik, Institute for Advanced Simulations, Jülich, Germany</subfield>
    <subfield code="w">Germany</subfield>
  </datafield>
  <datafield tag="700" ind1=" " ind2=" ">
    <subfield code="a">Hoferichter, M.</subfield>
    <subfield code="v">Albert Einstein Center for Fundamental Physics, Institute for Theoretical Physics, University of Bern, Bern, Switzerland</subfield>
    <subfield code="w">Switzerland</subfield>
  </datafield>
  <datafield tag="700" ind1=" " ind2=" ">
    <subfield code="a">Hughes, S.M.</subfield>
    <subfield code="v">Edinburgh University, Edinburgh, UK</subfield>
    <subfield code="w">UK</subfield>
  </datafield>
  <datafield tag="700" ind1=" " ind2=" ">
    <subfield code="a">Ireland, D.G.</subfield>
    <subfield code="v">SUPA, School of Physics and Astronomy, University of Glasgow, UK</subfield>
    <subfield code="w">UK</subfield>
  </datafield>
  <datafield tag="700" ind1=" " ind2=" ">
    <subfield code="a">Ketzer, B.</subfield>
    <subfield code="v">Helmholtz-Institut für Strahlen- und Kernphysik, Rheinische Friedrich-Wilhelms-Universität Bonn, Bonn, Germany</subfield>
    <subfield code="w">Germany</subfield>
  </datafield>
  <datafield tag="700" ind1=" " ind2=" ">
    <subfield code="a">Klein, F.J.</subfield>
    <subfield code="v">The Catholic University of America, Washington D.C., USA</subfield>
    <subfield code="w">USA</subfield>
  </datafield>
  <datafield tag="700" ind1=" " ind2=" ">
    <subfield code="a">Kubis, B.</subfield>
    <subfield code="v">Helmholtz-Institut für Strahlen- und Kernphysik, Rheinische Friedrich-Wilhelms-Universität Bonn, Bonn, Germany</subfield>
    <subfield code="w">Germany</subfield>
  </datafield>
  <datafield tag="700" ind1=" " ind2=" ">
    <subfield code="a">Liu, B.</subfield>
    <subfield code="v">Institute of High Energy Physics, Beijing, China</subfield>
    <subfield code="w">China</subfield>
  </datafield>
  <datafield tag="700" ind1=" " ind2=" ">
    <subfield code="a">Masjuan, P.</subfield>
    <subfield code="v">PRISMA Cluster of Excellence and Institut für Kernphysik, Johannes Gutenberg-Universität Mainz, Mainz, Germany</subfield>
    <subfield code="w">Germany</subfield>
  </datafield>
  <datafield tag="700" ind1=" " ind2=" ">
    <subfield code="a">Mathieu, V.</subfield>
    <subfield code="v">Department of Physics, Indiana University, Bloomington IN, USA</subfield>
    <subfield code="w">USA</subfield>
  </datafield>
  <datafield tag="700" ind1=" " ind2=" ">
    <subfield code="a">McKinnon, B.</subfield>
    <subfield code="v">SUPA, School of Physics and Astronomy, University of Glasgow, UK</subfield>
    <subfield code="w">UK</subfield>
  </datafield>
  <datafield tag="700" ind1=" " ind2=" ">
    <subfield code="a">Mitchel, R.</subfield>
    <subfield code="v">Department of Physics, Indiana University, Bloomington IN, USA</subfield>
    <subfield code="w">USA</subfield>
  </datafield>
  <datafield tag="700" ind1=" " ind2=" ">
    <subfield code="a">Nerling, F.</subfield>
    <subfield code="v">Helmholtz-Institut Mainz, GSI Helmholtzzentrum Darmstadt, Darmstadt, Germany</subfield>
    <subfield code="w">Germany</subfield>
  </datafield>
  <datafield tag="700" ind1=" " ind2=" ">
    <subfield code="a">Paul, S.</subfield>
    <subfield code="v">Technische Universität München, Physik Department, Garching, Germany</subfield>
    <subfield code="w">Germany</subfield>
  </datafield>
  <datafield tag="700" ind1=" " ind2=" ">
    <subfield code="a">Peláez, J.R.</subfield>
    <subfield code="v">Departamento de Fisica Teórica II, Universidad Complutense, Madrid, Spain</subfield>
    <subfield code="w">Spain</subfield>
  </datafield>
  <datafield tag="700" ind1=" " ind2=" ">
    <subfield code="a">Rademacker, J.</subfield>
    <subfield code="v">H.H. Wills Physics Lab, University of Bristol, Bristol, UK</subfield>
    <subfield code="w">UK</subfield>
  </datafield>
  <datafield tag="700" ind1=" " ind2=" ">
    <subfield code="a">Rizzo, A.</subfield>
    <subfield code="v">Università di Roma Tor Vergata and INFN, Sezione di Roma Tor Vergata, Rome, Italy</subfield>
    <subfield code="w">Italy</subfield>
  </datafield>
  <datafield tag="700" ind1=" " ind2=" ">
    <subfield code="a">Salgado, C.</subfield>
    <subfield code="v">Norfolk State University, Norfolk VA, USA</subfield>
    <subfield code="w">USA</subfield>
  </datafield>
  <datafield tag="700" ind1=" " ind2=" ">
    <subfield code="a">Santopinto, E.</subfield>
    <subfield code="v">INFN Sezione di Genova, Genova, Italy</subfield>
    <subfield code="w">Italy</subfield>
  </datafield>
  <datafield tag="700" ind1=" " ind2=" ">
    <subfield code="a">Sarantsev, A.V.</subfield>
    <subfield code="v">Helmholtz-Institut für Strahlen- und Kernphysik, Rheinische Friedrich-Wilhelms-Universität Bonn, Bonn, Germany</subfield>
    <subfield code="w">Germany</subfield>
  </datafield>
  <datafield tag="700" ind1=" " ind2=" ">
    <subfield code="a">Sato, T.</subfield>
    <subfield code="v">Department of Physics, Osaka University, Toyonaka, Osaka, Japan</subfield>
    <subfield code="w">Japan</subfield>
  </datafield>
  <datafield tag="700" ind1=" " ind2=" ">
    <subfield code="a">Schlüter, T.</subfield>
    <subfield code="v">Ludwig-Maximilians-Universität, München, Germany</subfield>
    <subfield code="w">Germany</subfield>
  </datafield>
  <datafield tag="700" ind1=" " ind2=" ">
    <subfield code="a">da Silva, M.L.L.</subfield>
    <subfield code="v">Instituto de Fisica e Matematica, Universidade Federal de Pelotas, CP 354, Pelotas, RS, Brazil</subfield>
    <subfield code="w">Brazil</subfield>
  </datafield>
  <datafield tag="700" ind1=" " ind2=" ">
    <subfield code="a">Stankovic, I.</subfield>
    <subfield code="v">Edinburgh University, Edinburgh, UK</subfield>
    <subfield code="w">UK</subfield>
  </datafield>
  <datafield tag="700" ind1=" " ind2=" ">
    <subfield code="a">Strakovsky, I.</subfield>
    <subfield code="v">The George Washington University, Washington D.C., USA</subfield>
    <subfield code="w">USA</subfield>
  </datafield>
  <datafield tag="700" ind1=" " ind2=" ">
    <subfield code="a">Szczepaniak, A.</subfield>
    <subfield code="v">Thomas Jefferson National Accelerator Facility, Newport News VA, USA</subfield>
    <subfield code="w">USA</subfield>
  </datafield>
  <datafield tag="700" ind1=" " ind2=" ">
    <subfield code="a">Vassallo, A.</subfield>
    <subfield code="v">INFN Sezione di Genova, Genova, Italy</subfield>
    <subfield code="w">Italy</subfield>
  </datafield>
  <datafield tag="700" ind1=" " ind2=" ">
    <subfield code="a">Walford, N.K.</subfield>
    <subfield code="v">The Catholic University of America, Washington D.C., USA</subfield>
    <subfield code="w">USA</subfield>
  </datafield>
  <datafield tag="700" ind1=" " ind2=" ">
    <subfield code="a">Watts, D.P.</subfield>
    <subfield code="v">Edinburgh University, Edinburgh, UK</subfield>
    <subfield code="w">UK</subfield>
  </datafield>
  <datafield tag="700" ind1=" " ind2=" ">
    <subfield code="a">Zana, L.</subfield>
    <subfield code="v">Edinburgh University, Edinburgh, UK</subfield>
    <subfield code="w">UK</subfield>
  </datafield>
  <datafield tag="773" ind1=" " ind2=" ">
    <subfield code="p">Acta Physica Polonica B</subfield>
    <subfield code="v">46</subfield>
    <subfield code="n">2</subfield>
    <subfield code="c">257-303</subfield>
    <subfield code="y">2015</subfield>
  </datafield>
  <datafield tag="856" ind1="4" ind2=" ">
    <subfield code="s">5968657</subfield>
    <subfield code="u">http://repo.scoap3.org/record/9530/files/fulltext.pdf</subfield>
  </datafield>
  <datafield tag="856" ind1="4" ind2=" ">
    <subfield code="s">2745328</subfield>
    <subfield code="u">http://repo.scoap3.org/record/9530/files/fulltext.pdf?subformat=pdfa</subfield>
    <subfield code="x">pdfa</subfield>
  </datafield>
  <datafield tag="909" ind1="C" ind2="O">
    <subfield code="o">oai:repo.scoap3.org:9530</subfield>
    <subfield code="p">GLOBAL_SET</subfield>
    <subfield code="p">PR China</subfield>
    <subfield code="p">ACTA_PHYSICA_POLONICA</subfield>
    <subfield code="p">PR_China</subfield>
  </datafield>
  <datafield tag="980" ind1=" " ind2=" ">
    <subfield code="a">SCOAP3</subfield>
    <subfield code="b">Acta</subfield>
  </datafield>
</record>