
<record>
  <controlfield tag="001">9149</controlfield>
  <controlfield tag="005">20150408191820.0</controlfield>
  <datafield tag="022" ind1=" " ind2=" ">
    <subfield code="a">0587-4254</subfield>
  </datafield>
  <datafield tag="024" ind1="7" ind2=" ">
    <subfield code="a">10.5506/APhysPolB.46.153</subfield>
    <subfield code="2">DOI</subfield>
    <subfield code="t">2015-02-18T17:17:58Z</subfield>
  </datafield>
  <datafield tag="035" ind1=" " ind2=" ">
    <subfield code="a">1342449</subfield>
    <subfield code="9">INSPIRE</subfield>
  </datafield>
  <datafield tag="037" ind1=" " ind2=" ">
    <subfield code="a">arXiv:1502.00434</subfield>
    <subfield code="9">arXiv</subfield>
  </datafield>
  <datafield tag="245" ind1=" " ind2=" ">
    <subfield code="a">Determination of the COSY Proton Beam Polarization Using the WASA Detector</subfield>
  </datafield>
  <datafield tag="260" ind1=" " ind2=" ">
    <subfield code="c">2015-01-01</subfield>
    <subfield code="b">Jagiellonian University</subfield>
  </datafield>
  <datafield tag="520" ind1=" " ind2=" ">
    <subfield code="a">The dynamics of $\eta$-meson production and the interaction of $\eta$ mesons with nucleons can be studied using the $\vec{p}p\to pp\eta$ reaction via measurements of the analyzing power $A_{y}$. To this end, we have performed a measurement of the $\vec{p}p\to pp\eta$ reaction using the WASA-at-COSY detector, which provides large acceptance and is $\varphi$-symmetric. The experiment was carried out for the beam momenta of $2026$~MeV/$c$ and $2188$~MeV/$c$. In this article, we present a method and results for the determination of the degree of the beam polarization.</subfield>
  </datafield>
  <datafield tag="084" ind1=" " ind2=" ">
    <subfield code="a">13.88.+e</subfield>
    <subfield code="2">PACS</subfield>
  </datafield>
  <datafield tag="084" ind1=" " ind2=" ">
    <subfield code="a">24.70.+s</subfield>
    <subfield code="2">PACS</subfield>
  </datafield>
  <datafield tag="100" ind1=" " ind2=" ">
    <subfield code="a">Schätti-Ozerianska, I.</subfield>
    <subfield code="v">The Marian Smoluchowski Institute of Physics, Jagiellonian University, Łojasiewicza 11, 30-348 Kraków, Poland</subfield>
    <subfield code="w">Poland</subfield>
  </datafield>
  <datafield tag="540" ind1=" " ind2=" ">
    <subfield code="a">CC-BY-3.0</subfield>
    <subfield code="u">http://creativecommons.org/licenses/by/3.0/</subfield>
  </datafield>
  <datafield tag="542" ind1=" " ind2=" ">
    <subfield code="f">The Authors</subfield>
  </datafield>
  <datafield tag="591" ind1=" " ind2=" ">
    <subfield code="a">CC:1</subfield>
  </datafield>
  <datafield tag="591" ind1=" " ind2=" ">
    <subfield code="a">Authors:1</subfield>
  </datafield>
  <datafield tag="591" ind1=" " ind2=" ">
    <subfield code="a">SCOAP3:1</subfield>
  </datafield>
  <datafield tag="591" ind1=" " ind2=" ">
    <subfield code="a">Category:1</subfield>
  </datafield>
  <datafield tag="700" ind1=" " ind2=" ">
    <subfield code="a">Moskal, P.</subfield>
    <subfield code="v">The Marian Smoluchowski Institute of Physics, Jagiellonian University, Łojasiewicza 11, 30-348 Kraków, Poland</subfield>
    <subfield code="w">Poland</subfield>
  </datafield>
  <datafield tag="700" ind1=" " ind2=" ">
    <subfield code="a">Zieliński, M.</subfield>
    <subfield code="v">The Marian Smoluchowski Institute of Physics, Jagiellonian University, Łojasiewicza 11, 30-348 Kraków, Poland</subfield>
    <subfield code="w">Poland</subfield>
  </datafield>
  <datafield tag="773" ind1=" " ind2=" ">
    <subfield code="p">Acta Physica Polonica B</subfield>
    <subfield code="v">46</subfield>
    <subfield code="n">1</subfield>
    <subfield code="c">153-158</subfield>
    <subfield code="y">2015</subfield>
  </datafield>
  <datafield tag="856" ind1="4" ind2=" ">
    <subfield code="s">1775291</subfield>
    <subfield code="u">http://repo.scoap3.org/record/9149/files/fulltext.pdf</subfield>
  </datafield>
  <datafield tag="856" ind1="4" ind2=" ">
    <subfield code="s">1806927</subfield>
    <subfield code="u">http://repo.scoap3.org/record/9149/files/fulltext.pdf?subformat=pdfa</subfield>
    <subfield code="x">pdfa</subfield>
  </datafield>
  <datafield tag="909" ind1="C" ind2="O">
    <subfield code="o">oai:repo.scoap3.org:9149</subfield>
    <subfield code="p">GLOBAL_SET</subfield>
    <subfield code="p">ACTA_PHYSICA_POLONICA</subfield>
  </datafield>
  <datafield tag="980" ind1=" " ind2=" ">
    <subfield code="a">SCOAP3</subfield>
    <subfield code="b">Acta</subfield>
  </datafield>
</record>