
<record>
  <controlfield tag="001">9142</controlfield>
  <controlfield tag="005">20150408191820.0</controlfield>
  <datafield tag="022" ind1=" " ind2=" ">
    <subfield code="a">0587-4254</subfield>
  </datafield>
  <datafield tag="024" ind1="7" ind2=" ">
    <subfield code="a">10.5506/APhysPolB.46.53</subfield>
    <subfield code="2">DOI</subfield>
    <subfield code="t">2015-02-18T17:17:58Z</subfield>
  </datafield>
  <datafield tag="035" ind1=" " ind2=" ">
    <subfield code="a">1340318</subfield>
    <subfield code="9">INSPIRE</subfield>
  </datafield>
  <datafield tag="037" ind1=" " ind2=" ">
    <subfield code="a">arXiv:1501.04848</subfield>
    <subfield code="9">arXiv</subfield>
  </datafield>
  <datafield tag="245" ind1=" " ind2=" ">
    <subfield code="a">Studies of the $\omega $ Meson with the KLOE Detector</subfield>
  </datafield>
  <datafield tag="260" ind1=" " ind2=" ">
    <subfield code="c">2015-01-01</subfield>
    <subfield code="b">Jagiellonian University</subfield>
  </datafield>
  <datafield tag="520" ind1=" " ind2=" ">
    <subfield code="a">The paper presents status of three studies involving the $\omega$ meson using data collected by the KLOE detector. The first two projects are feasibility studies performed on simulated data concerning an upper limit measurement of BR$(\phi\to\omega\gamma)$ and the form factor measurement in the $\omega\to\pi^0l^+l^-$ Dalitz decay. The third study shows the effect $\pi^0$--$\pi^0$ interference has in the $\omega\to\pi^+\pi^-\pi^0$ Dalitz plot when $\omega$ is produced through the $e^+e^-\to\omega\pi^0$ channel.</subfield>
  </datafield>
  <datafield tag="084" ind1=" " ind2=" ">
    <subfield code="a">13.66.Bc</subfield>
    <subfield code="2">PACS</subfield>
  </datafield>
  <datafield tag="084" ind1=" " ind2=" ">
    <subfield code="a">13.20.Jf</subfield>
    <subfield code="2">PACS</subfield>
  </datafield>
  <datafield tag="084" ind1=" " ind2=" ">
    <subfield code="a">13.25.Jx</subfield>
    <subfield code="2">PACS</subfield>
  </datafield>
  <datafield tag="100" ind1=" " ind2=" ">
    <subfield code="a">Heijkenskjöld, L.</subfield>
    <subfield code="v">Uppsala University, Department of Physics and Astronomy, Box 516, 751 20 Uppsala, Sweden</subfield>
    <subfield code="w">Sweden</subfield>
  </datafield>
  <datafield tag="540" ind1=" " ind2=" ">
    <subfield code="a">CC-BY-3.0</subfield>
    <subfield code="u">http://creativecommons.org/licenses/by/3.0/</subfield>
  </datafield>
  <datafield tag="542" ind1=" " ind2=" ">
    <subfield code="f">The Authors</subfield>
  </datafield>
  <datafield tag="591" ind1=" " ind2=" ">
    <subfield code="a">CC:1</subfield>
  </datafield>
  <datafield tag="591" ind1=" " ind2=" ">
    <subfield code="a">Authors:0</subfield>
  </datafield>
  <datafield tag="591" ind1=" " ind2=" ">
    <subfield code="a">SCOAP3:1</subfield>
  </datafield>
  <datafield tag="591" ind1=" " ind2=" ">
    <subfield code="a">Category:1</subfield>
  </datafield>
  <datafield tag="700" ind1=" " ind2=" ">
    <subfield code="a">Ikegami Andersson, W.</subfield>
    <subfield code="v">Uppsala University, Department of Physics and Astronomy, Box 516, 751 20 Uppsala, Sweden</subfield>
    <subfield code="w">Sweden</subfield>
  </datafield>
  <datafield tag="773" ind1=" " ind2=" ">
    <subfield code="p">Acta Physica Polonica B</subfield>
    <subfield code="v">46</subfield>
    <subfield code="n">1</subfield>
    <subfield code="c">53-58</subfield>
    <subfield code="y">2015</subfield>
  </datafield>
  <datafield tag="856" ind1="4" ind2=" ">
    <subfield code="s">436871</subfield>
    <subfield code="u">http://repo.scoap3.org/record/9142/files/fulltext.pdf</subfield>
  </datafield>
  <datafield tag="856" ind1="4" ind2=" ">
    <subfield code="s">167914</subfield>
    <subfield code="u">http://repo.scoap3.org/record/9142/files/fulltext.pdf?subformat=pdfa</subfield>
    <subfield code="x">pdfa</subfield>
  </datafield>
  <datafield tag="909" ind1="C" ind2="O">
    <subfield code="o">oai:repo.scoap3.org:9142</subfield>
    <subfield code="p">GLOBAL_SET</subfield>
    <subfield code="p">ACTA_PHYSICA_POLONICA</subfield>
  </datafield>
  <datafield tag="980" ind1=" " ind2=" ">
    <subfield code="a">SCOAP3</subfield>
    <subfield code="b">Acta</subfield>
  </datafield>
</record>