
<record>
  <controlfield tag="001">9140</controlfield>
  <controlfield tag="005">20150408191820.0</controlfield>
  <datafield tag="022" ind1=" " ind2=" ">
    <subfield code="a">0587-4254</subfield>
  </datafield>
  <datafield tag="024" ind1="7" ind2=" ">
    <subfield code="a">10.5506/APhysPolB.46.39</subfield>
    <subfield code="2">DOI</subfield>
    <subfield code="t">2015-02-18T17:17:58Z</subfield>
  </datafield>
  <datafield tag="035" ind1=" " ind2=" ">
    <subfield code="a">1340089</subfield>
    <subfield code="9">INSPIRE</subfield>
  </datafield>
  <datafield tag="037" ind1=" " ind2=" ">
    <subfield code="a">arXiv:1501.04424</subfield>
    <subfield code="9">arXiv</subfield>
  </datafield>
  <datafield tag="245" ind1=" " ind2=" ">
    <subfield code="a">Search for the $U$ Boson in the Process $e^+e^- \to \mu ^+ \mu ^- \gamma $, $U \to \mu ^+\mu ^-$ with the KLOE Detector</subfield>
  </datafield>
  <datafield tag="260" ind1=" " ind2=" ">
    <subfield code="c">2015-01-01</subfield>
    <subfield code="b">Jagiellonian University</subfield>
  </datafield>
  <datafield tag="520" ind1=" " ind2=" ">
    <subfield code="a">We present a search for a new light vector boson, carrier of a ``dark force'' between WIMPs, with the KLOE detector at DA$\Phi$NE. We analysed $e^+ e^- \to \mu^+ \mu^- \gamma$ ISR events corresponding to an integrated luminosity of $239$~pb$^{-1}$ to find evidence for the $e^+ e^- \to U\gamma$, $U\to\mu^+\mu^-$ process. We found no $U$ vector boson signal and set a 90\% C.L. upper limit on the ratio of the $U$ boson and photon coupling constants between $1.6\times 10^{-5}$ to $8.6\times 10^{-7}$ in the mass region $520&lt;M_{U}&lt;980$ MeV. A projection of the KLOE sensitivity for the $\mu\mu\gamma$ and $\pi\pi\gamma$ channels at full statistics and extended muon acceptance is also presented.</subfield>
  </datafield>
  <datafield tag="084" ind1=" " ind2=" ">
    <subfield code="a">95.35.+d</subfield>
    <subfield code="2">PACS</subfield>
  </datafield>
  <datafield tag="084" ind1=" " ind2=" ">
    <subfield code="a">14.70.Pw</subfield>
    <subfield code="2">PACS</subfield>
  </datafield>
  <datafield tag="084" ind1=" " ind2=" ">
    <subfield code="a">14.80.--j</subfield>
    <subfield code="2">PACS</subfield>
  </datafield>
  <datafield tag="100" ind1=" " ind2=" ">
    <subfield code="a">Curciarello, Francesca</subfield>
    <subfield code="v">Universita` degli Studi di Messina, Dipartimento di Fisica e Scienze della Terra, Viale F. Stagno D'Alcontres 31, 98166 Messina, Italy</subfield>
    <subfield code="w">Italy</subfield>
  </datafield>
  <datafield tag="540" ind1=" " ind2=" ">
    <subfield code="a">CC-BY-3.0</subfield>
    <subfield code="u">http://creativecommons.org/licenses/by/3.0/</subfield>
  </datafield>
  <datafield tag="542" ind1=" " ind2=" ">
    <subfield code="f">The Author</subfield>
  </datafield>
  <datafield tag="591" ind1=" " ind2=" ">
    <subfield code="a">CC:1</subfield>
  </datafield>
  <datafield tag="591" ind1=" " ind2=" ">
    <subfield code="a">Authors:0</subfield>
  </datafield>
  <datafield tag="591" ind1=" " ind2=" ">
    <subfield code="a">SCOAP3:1</subfield>
  </datafield>
  <datafield tag="591" ind1=" " ind2=" ">
    <subfield code="a">Category:1</subfield>
  </datafield>
  <datafield tag="773" ind1=" " ind2=" ">
    <subfield code="p">Acta Physica Polonica B</subfield>
    <subfield code="v">46</subfield>
    <subfield code="n">1</subfield>
    <subfield code="c">39-44</subfield>
    <subfield code="y">2015</subfield>
  </datafield>
  <datafield tag="856" ind1="4" ind2=" ">
    <subfield code="s">546286</subfield>
    <subfield code="u">http://repo.scoap3.org/record/9140/files/fulltext.pdf</subfield>
  </datafield>
  <datafield tag="856" ind1="4" ind2=" ">
    <subfield code="s">299539</subfield>
    <subfield code="u">http://repo.scoap3.org/record/9140/files/fulltext.pdf?subformat=pdfa</subfield>
    <subfield code="x">pdfa</subfield>
  </datafield>
  <datafield tag="909" ind1="C" ind2="O">
    <subfield code="o">oai:repo.scoap3.org:9140</subfield>
    <subfield code="p">GLOBAL_SET</subfield>
    <subfield code="p">ACTA_PHYSICA_POLONICA</subfield>
  </datafield>
  <datafield tag="980" ind1=" " ind2=" ">
    <subfield code="a">SCOAP3</subfield>
    <subfield code="b">Acta</subfield>
  </datafield>
</record>