
<record>
  <controlfield tag="001">9135</controlfield>
  <controlfield tag="005">20150408191820.0</controlfield>
  <datafield tag="022" ind1=" " ind2=" ">
    <subfield code="a">0587-4254</subfield>
  </datafield>
  <datafield tag="024" ind1="7" ind2=" ">
    <subfield code="a">10.5506/APhysPolB.46.5</subfield>
    <subfield code="2">DOI</subfield>
    <subfield code="t">2015-02-18T17:17:58Z</subfield>
  </datafield>
  <datafield tag="035" ind1=" " ind2=" ">
    <subfield code="a">1340317</subfield>
    <subfield code="9">INSPIRE</subfield>
  </datafield>
  <datafield tag="037" ind1=" " ind2=" ">
    <subfield code="a">arXiv:1501.04807</subfield>
    <subfield code="9">arXiv</subfield>
  </datafield>
  <datafield tag="245" ind1=" " ind2=" ">
    <subfield code="a">Kaon Physics with the KLOE Detector</subfield>
  </datafield>
  <datafield tag="260" ind1=" " ind2=" ">
    <subfield code="c">2015-01-01</subfield>
    <subfield code="b">Jagiellonian University</subfield>
  </datafield>
  <datafield tag="520" ind1=" " ind2=" ">
    <subfield code="a">In this paper, we discuss the recent finalized analyses by the KLOE experiment at DA$\Phi$NE: the CPT and Lorentz invariance test with entangled $K^{0}{\bar{K}^{0}}$ pairs, and the precision measurement of the branching fraction of the decay $K^+ \to \pi^+\pi^-\pi^+(\gamma)$. We also present the status of an ongoing analysis aiming to precisely measure the $K^\pm$ mass.</subfield>
  </datafield>
  <datafield tag="084" ind1=" " ind2=" ">
    <subfield code="a">13.25.Es</subfield>
    <subfield code="2">PACS</subfield>
  </datafield>
  <datafield tag="084" ind1=" " ind2=" ">
    <subfield code="a">14.40.Df</subfield>
    <subfield code="2">PACS</subfield>
  </datafield>
  <datafield tag="100" ind1=" " ind2=" ">
    <subfield code="a">Bloise, C.</subfield>
    <subfield code="v">Laboratori Nazionali di Frascati dell'INFN, Frascati, Italy</subfield>
    <subfield code="w">Italy</subfield>
  </datafield>
  <datafield tag="540" ind1=" " ind2=" ">
    <subfield code="a">CC-BY-3.0</subfield>
    <subfield code="u">http://creativecommons.org/licenses/by/3.0/</subfield>
  </datafield>
  <datafield tag="542" ind1=" " ind2=" ">
    <subfield code="f">The Authors</subfield>
  </datafield>
  <datafield tag="591" ind1=" " ind2=" ">
    <subfield code="a">CC:1</subfield>
  </datafield>
  <datafield tag="591" ind1=" " ind2=" ">
    <subfield code="a">Authors:1</subfield>
  </datafield>
  <datafield tag="591" ind1=" " ind2=" ">
    <subfield code="a">SCOAP3:1</subfield>
  </datafield>
  <datafield tag="591" ind1=" " ind2=" ">
    <subfield code="a">Category:1</subfield>
  </datafield>
  <datafield tag="700" ind1=" " ind2=" ">
    <subfield code="a">De Lucia, E.</subfield>
    <subfield code="v">Laboratori Nazionali di Frascati dell'INFN, Frascati, Italy</subfield>
    <subfield code="w">Italy</subfield>
  </datafield>
  <datafield tag="700" ind1=" " ind2=" ">
    <subfield code="a">De Santis, A.</subfield>
    <subfield code="v">Laboratori Nazionali di Frascati dell'INFN, Frascati, Italy</subfield>
    <subfield code="w">Italy</subfield>
  </datafield>
  <datafield tag="700" ind1=" " ind2=" ">
    <subfield code="a">De Simone, P.</subfield>
    <subfield code="v">Laboratori Nazionali di Frascati dell'INFN, Frascati, Italy</subfield>
    <subfield code="w">Italy</subfield>
  </datafield>
  <datafield tag="700" ind1=" " ind2=" ">
    <subfield code="a">Czerwiński, E.</subfield>
    <subfield code="v">The Marian Smoluchowski Institute of Physics, Jagiellonian University, Kraków, Poland</subfield>
    <subfield code="w">Poland</subfield>
  </datafield>
  <datafield tag="700" ind1=" " ind2=" ">
    <subfield code="a">Gajos, A.</subfield>
    <subfield code="v">The Marian Smoluchowski Institute of Physics, Jagiellonian University, Kraków, Poland</subfield>
    <subfield code="w">Poland</subfield>
  </datafield>
  <datafield tag="700" ind1=" " ind2=" ">
    <subfield code="a">Kamińska, D.</subfield>
    <subfield code="v">The Marian Smoluchowski Institute of Physics, Jagiellonian University, Kraków, Poland</subfield>
    <subfield code="w">Poland</subfield>
  </datafield>
  <datafield tag="700" ind1=" " ind2=" ">
    <subfield code="a">Moskal, P.</subfield>
    <subfield code="v">The Marian Smoluchowski Institute of Physics, Jagiellonian University, Kraków, Poland</subfield>
    <subfield code="w">Poland</subfield>
  </datafield>
  <datafield tag="700" ind1=" " ind2=" ">
    <subfield code="a">Silarski, M.</subfield>
    <subfield code="v">The Marian Smoluchowski Institute of Physics, Jagiellonian University, Kraków, Poland</subfield>
    <subfield code="w">Poland</subfield>
  </datafield>
  <datafield tag="700" ind1=" " ind2=" ">
    <subfield code="a">Di Domenico, A.</subfield>
    <subfield code="v">Dipartimento di Fisica, Sapienza Università di Roma, Roma, Italy</subfield>
    <subfield code="w">Italy</subfield>
  </datafield>
  <datafield tag="700" ind1=" " ind2=" ">
    <subfield code="a">Passeri, A.</subfield>
    <subfield code="v">INFN sezione di Roma Tre, Roma, Italy</subfield>
    <subfield code="w">Italy</subfield>
  </datafield>
  <datafield tag="700" ind1=" " ind2=" ">
    <subfield code="a">Wiślicki, W.</subfield>
    <subfield code="v">National Centre for Nuclear Research, Warszawa, Poland</subfield>
    <subfield code="w">Poland</subfield>
  </datafield>
  <datafield tag="773" ind1=" " ind2=" ">
    <subfield code="p">Acta Physica Polonica B</subfield>
    <subfield code="v">46</subfield>
    <subfield code="n">1</subfield>
    <subfield code="c">5-12</subfield>
    <subfield code="y">2015</subfield>
  </datafield>
  <datafield tag="856" ind1="4" ind2=" ">
    <subfield code="s">492245</subfield>
    <subfield code="u">http://repo.scoap3.org/record/9135/files/fulltext.pdf</subfield>
  </datafield>
  <datafield tag="856" ind1="4" ind2=" ">
    <subfield code="s">227586</subfield>
    <subfield code="u">http://repo.scoap3.org/record/9135/files/fulltext.pdf?subformat=pdfa</subfield>
    <subfield code="x">pdfa</subfield>
  </datafield>
  <datafield tag="909" ind1="C" ind2="O">
    <subfield code="o">oai:repo.scoap3.org:9135</subfield>
    <subfield code="p">GLOBAL_SET</subfield>
    <subfield code="p">ACTA_PHYSICA_POLONICA</subfield>
  </datafield>
  <datafield tag="980" ind1=" " ind2=" ">
    <subfield code="a">SCOAP3</subfield>
    <subfield code="b">Acta</subfield>
  </datafield>
</record>