
<record>
  <controlfield tag="001">4755</controlfield>
  <controlfield tag="005">20150408143345.0</controlfield>
  <datafield tag="022" ind1=" " ind2=" ">
    <subfield code="a">0587-4254</subfield>
  </datafield>
  <datafield tag="024" ind1="7" ind2=" ">
    <subfield code="2">DOI</subfield>
    <subfield code="a">10.5506/APhysPolB.45.1947</subfield>
    <subfield code="t">2014-11-16T11:26:53Z</subfield>
  </datafield>
  <datafield tag="035" ind1=" " ind2=" ">
    <subfield code="9">INSPIRE</subfield>
    <subfield code="a">1303918</subfield>
  </datafield>
  <datafield tag="037" ind1=" " ind2=" ">
    <subfield code="9">arXiv</subfield>
    <subfield code="a">arXiv:1406.7696</subfield>
  </datafield>
  <datafield tag="084" ind1=" " ind2=" ">
    <subfield code="2">PACS</subfield>
    <subfield code="a">12.60.Cn</subfield>
  </datafield>
  <datafield tag="084" ind1=" " ind2=" ">
    <subfield code="2">PACS</subfield>
    <subfield code="a">13.88.+e</subfield>
  </datafield>
  <datafield tag="100" ind1=" " ind2=" ">
    <subfield code="a">Cakir, I.T.</subfield>
    <subfield code="v">Department of Electrical and Electronics Engineering, Faculty of Engineering, Istanbul Aydin University, 34295, Sefakoy, Istanbul, Turkey</subfield>
    <subfield code="w">Turkey</subfield>
  </datafield>
  <datafield tag="245" ind1=" " ind2=" ">
    <subfield code="a">Search for Anomalous $WW\gamma $ and $WWZ$ Couplings with Polarized $e$-Beam at the LHeC</subfield>
  </datafield>
  <datafield tag="260" ind1=" " ind2=" ">
    <subfield code="b">Jagiellonian University</subfield>
    <subfield code="c">2014-10-01</subfield>
  </datafield>
  <datafield tag="520" ind1=" " ind2=" ">
    <subfield code="a">We examine the possibility of constraining the anomalous $WW\gamma$ and $WWZ$ couplings by measuring total cross sections of the $ep\to\nu_{e}q\gamma X$ and $ep\to\nu_{e}qZX$ processes at the LHeC collider with the electron beam energy $E_{e}=60$ GeV and $E_{e}=140$ GeV. We consider the cases of unpolarized and polarized electron beams. The difference of the upper and lower bounds on the anomalous couplings, ($\delta\Delta\kappa_{\gamma}$,$\delta\lambda_{\gamma}$) and ($\delta\Delta\kappa_{Z}$,$\delta\lambda_{Z}$) are obtained as ($0.990$, $0.122$) and ($0.362$, $0.012$) without electron beam polarization at the beam energy of $E_{e}=140$ GeV for an integrated luminosity of $L_{\mathrm{int}}=100$~fb$^{-1}$, respectively. With the possibility of $e$-beam polarization, we obtain more improved results as ($0.975$, $0.118$) and ($0.285$, $0.009$) for ($\delta\Delta\kappa_{\gamma},\delta\lambda_{\gamma}$) and ($\delta\Delta\kappa_{Z},\delta\lambda_{Z}$), respectively. The results are found to be comparable with the current experimental limits obtained from two-parameter fits to the data collected in the lepton and hadron colliders. It is found that the limits on the anomalous couplings ($\Delta\kappa_{Z}$,$\lambda_{Z}$) through the process $ep\to\nu_{e}qZX$ at the LHeC can further improve the current experimental limits.</subfield>
  </datafield>
  <datafield tag="540" ind1=" " ind2=" ">
    <subfield code="a">CC-BY-3.0</subfield>
    <subfield code="u">http://creativecommons.org/licenses/by/3.0/</subfield>
  </datafield>
  <datafield tag="542" ind1=" " ind2=" ">
    <subfield code="f">The Authors</subfield>
  </datafield>
  <datafield tag="591" ind1=" " ind2=" ">
    <subfield code="a">CC:1</subfield>
  </datafield>
  <datafield tag="591" ind1=" " ind2=" ">
    <subfield code="a">Authors:1</subfield>
  </datafield>
  <datafield tag="591" ind1=" " ind2=" ">
    <subfield code="a">SCOAP3:1</subfield>
  </datafield>
  <datafield tag="591" ind1=" " ind2=" ">
    <subfield code="a">Category:1</subfield>
  </datafield>
  <datafield tag="700" ind1=" " ind2=" ">
    <subfield code="a">Cakir, O.</subfield>
    <subfield code="v">Department of Physics, Faculty of Sciences, Ankara University, 06100, Tandogan, Ankara, Turkey</subfield>
    <subfield code="w">Turkey</subfield>
  </datafield>
  <datafield tag="700" ind1=" " ind2=" ">
    <subfield code="a">Senol, A.</subfield>
    <subfield code="v">Department of Physics, Faculty of Science and Arts, Kastamonu University, 37100, Kuzeykent, Kastamonu, Turkey</subfield>
    <subfield code="w">Turkey</subfield>
  </datafield>
  <datafield tag="700" ind1=" " ind2=" ">
    <subfield code="a">Tasci, A.T.</subfield>
    <subfield code="v">Department of Physics, Faculty of Science and Arts, Kastamonu University, 37100, Kuzeykent, Kastamonu, Turkey</subfield>
    <subfield code="w">Turkey</subfield>
  </datafield>
  <datafield tag="773" ind1=" " ind2=" ">
    <subfield code="c">1947-1962</subfield>
    <subfield code="n">10</subfield>
    <subfield code="p">Acta Physica Polonica B</subfield>
    <subfield code="v">45</subfield>
    <subfield code="y">2014</subfield>
  </datafield>
  <datafield tag="856" ind1="4" ind2=" ">
    <subfield code="s">762638</subfield>
    <subfield code="u">http://repo.scoap3.org/record/4755/files/fulltext.pdf</subfield>
  </datafield>
  <datafield tag="856" ind1="4" ind2=" ">
    <subfield code="s">480883</subfield>
    <subfield code="u">http://repo.scoap3.org/record/4755/files/fulltext.pdf?subformat=pdfa</subfield>
    <subfield code="x">pdfa</subfield>
  </datafield>
  <datafield tag="909" ind1="C" ind2="O">
    <subfield code="o">oai:repo.scoap3.org:4755</subfield>
    <subfield code="p">GLOBAL_SET</subfield>
    <subfield code="p">ACTA_PHYSICA_POLONICA</subfield>
  </datafield>
  <datafield tag="980" ind1=" " ind2=" ">
    <subfield code="a">SCOAP3</subfield>
    <subfield code="b">Acta</subfield>
  </datafield>
</record>