
<record>
  <controlfield tag="001">2482</controlfield>
  <controlfield tag="005">20150408142839.0</controlfield>
  <datafield tag="022" ind1=" " ind2=" ">
    <subfield code="a">0587-4254</subfield>
  </datafield>
  <datafield tag="024" ind1="7" ind2=" ">
    <subfield code="a">10.5506/APhysPolB.45.1089</subfield>
    <subfield code="2">DOI</subfield>
    <subfield code="t">2014-06-09T17:03:15Z</subfield>
  </datafield>
  <datafield tag="035" ind1=" " ind2=" ">
    <subfield code="a">1220251</subfield>
    <subfield code="9">INSPIRE</subfield>
  </datafield>
  <datafield tag="037" ind1=" " ind2=" ">
    <subfield code="a">arXiv:1302.4511</subfield>
    <subfield code="9">arXiv</subfield>
    <subfield code="a">arXiv:1302.4511</subfield>
  </datafield>
  <datafield tag="245" ind1=" " ind2=" ">
    <subfield code="a">Study on the Energy Dependence of the Source Size of Jets by the HBT Correlation Method in $e^+e^-$ Collisions</subfield>
  </datafield>
  <datafield tag="260" ind1=" " ind2=" ">
    <subfield code="c">2014-05-01</subfield>
    <subfield code="b">Jagiellonian University</subfield>
  </datafield>
  <datafield tag="520" ind1=" " ind2=" ">
    <subfield code="a">The energy dependence of the source size of jets are studied in detail by the HBT correlation method using Monte Carlo Simulation generator {\sf Jetset7.4} to produce 40,000,000 events of $e^+e^-$ collisions at $\sqrt s = 30$, 50, 70, 91.2, 110, 130, 150 and 170~GeV, respectively. The source size of jets are measured using the HBT correlation method with the indistinguishability of identical final state pions. The average source radii of quark-jets and gluon-jets in $e^+e^-$ collisions are obtained at the end of parton evolvement. It is found that the average source radii of quark-jets are obviously larger than those of gluon-jets and the average source radii measured with $\pi^0$ meson are smaller than those with $\pi^+$ or $\pi^-$ meson.</subfield>
  </datafield>
  <datafield tag="084" ind1=" " ind2=" ">
    <subfield code="a">13.87.Fh</subfield>
    <subfield code="2">PACS</subfield>
  </datafield>
  <datafield tag="084" ind1=" " ind2=" ">
    <subfield code="a">13.66.Bc</subfield>
    <subfield code="2">PACS</subfield>
  </datafield>
  <datafield tag="100" ind1=" " ind2=" ">
    <subfield code="a">Chen Zheng-Yu</subfield>
    <subfield code="v">Physics Department, School of Mathematics and Physics, China University of Geosciences, 430074 Wuhan, China</subfield>
    <subfield code="w">China</subfield>
  </datafield>
  <datafield tag="540" ind1=" " ind2=" ">
    <subfield code="a">CC-BY-3.0</subfield>
    <subfield code="u">http://creativecommons.org/licenses/by/3.0/</subfield>
  </datafield>
  <datafield tag="542" ind1=" " ind2=" ">
    <subfield code="f">The Authors</subfield>
  </datafield>
  <datafield tag="591" ind1=" " ind2=" ">
    <subfield code="a">CC:1</subfield>
  </datafield>
  <datafield tag="591" ind1=" " ind2=" ">
    <subfield code="a">Authors:1</subfield>
  </datafield>
  <datafield tag="591" ind1=" " ind2=" ">
    <subfield code="a">SCOAP3:1</subfield>
  </datafield>
  <datafield tag="591" ind1=" " ind2=" ">
    <subfield code="a">Category:1</subfield>
  </datafield>
  <datafield tag="700" ind1=" " ind2=" ">
    <subfield code="a">Chen Gang</subfield>
    <subfield code="v">Physics Department, School of Mathematics and Physics, China University of Geosciences, 430074 Wuhan, China</subfield>
    <subfield code="w">China</subfield>
  </datafield>
  <datafield tag="700" ind1=" " ind2=" ">
    <subfield code="a">Wang Mei-Juan</subfield>
    <subfield code="v">Physics Department, School of Mathematics and Physics, China University of Geosciences, 430074 Wuhan, China</subfield>
    <subfield code="w">China</subfield>
  </datafield>
  <datafield tag="700" ind1=" " ind2=" ">
    <subfield code="a">Xie Yi-Long</subfield>
    <subfield code="v">Physics Department, School of Mathematics and Physics, China University of Geosciences, 430074 Wuhan, China</subfield>
    <subfield code="w">China</subfield>
  </datafield>
  <datafield tag="700" ind1=" " ind2=" ">
    <subfield code="a">Liang Zhu</subfield>
    <subfield code="v">Physics Department, School of Mathematics and Physics, China University of Geosciences, 430074 Wuhan, China</subfield>
    <subfield code="w">China</subfield>
  </datafield>
  <datafield tag="773" ind1=" " ind2=" ">
    <subfield code="p">Acta Physica Polonica B</subfield>
    <subfield code="v">45</subfield>
    <subfield code="n">5</subfield>
    <subfield code="c">1089-1102</subfield>
    <subfield code="y">2014</subfield>
  </datafield>
  <datafield tag="856" ind1="4" ind2=" ">
    <subfield code="s">511711</subfield>
    <subfield code="u">http://repo.scoap3.org/record/2482/files/fulltext.pdf</subfield>
  </datafield>
  <datafield tag="856" ind1="4" ind2=" ">
    <subfield code="s">278556</subfield>
    <subfield code="u">http://repo.scoap3.org/record/2482/files/fulltext.pdf?subformat=pdfa</subfield>
    <subfield code="x">pdfa</subfield>
  </datafield>
  <datafield tag="909" ind1="C" ind2="O">
    <subfield code="o">oai:repo.scoap3.org:2482</subfield>
    <subfield code="p">GLOBAL_SET</subfield>
    <subfield code="p">PR China</subfield>
    <subfield code="p">ACTA_PHYSICA_POLONICA</subfield>
    <subfield code="p">PR_China</subfield>
    <subfield code="q">ACTA_PHISICA_POLONICA</subfield>
  </datafield>
  <datafield tag="980" ind1=" " ind2=" ">
    <subfield code="a">SCOAP3</subfield>
    <subfield code="b">Acta</subfield>
  </datafield>
</record>