
<record>
  <controlfield tag="001">1012</controlfield>
  <controlfield tag="005">20150408142614.0</controlfield>
  <datafield tag="022" ind1=" " ind2=" ">
    <subfield code="a">0587-4254</subfield>
  </datafield>
  <datafield tag="024" ind1="7" ind2=" ">
    <subfield code="a">10.5506/APhysPolB.45.61</subfield>
    <subfield code="2">DOI</subfield>
  </datafield>
  <datafield tag="035" ind1=" " ind2=" ">
    <subfield code="a">1231591</subfield>
    <subfield code="9">INSPIRE</subfield>
  </datafield>
  <datafield tag="037" ind1=" " ind2=" ">
    <subfield code="a">arXiv:1305.0147</subfield>
    <subfield code="9">arXiv</subfield>
    <subfield code="a">arXiv:1305.0147</subfield>
  </datafield>
  <datafield tag="245" ind1=" " ind2=" ">
    <subfield code="a">Constraints on Neutrino Mass Ordering and Degeneracy from Planck and Neutrino-less Double Beta Decay</subfield>
  </datafield>
  <datafield tag="260" ind1=" " ind2=" ">
    <subfield code="c">2014-01-01</subfield>
    <subfield code="b">Jagiellonian University</subfield>
  </datafield>
  <datafield tag="520" ind1=" " ind2=" ">
    <subfield code="a">We investigate constraints on neutrino mass ordering and degeneracy by considering the first cosmological result based on the Planck measurements of the cosmic microwave background. It is shown that the result at 95\%~C.L. rejects a neutrino mass degeneracy larger than 85\% (82.5\%) for the normal (inverted) hierarchical case. We can also find some regions where the neutrino mass ordering will be able to be distinguished by combining a value of sum of the neutrino masses with an effective neutrino mass determined by neutrino-less double beta decay experiments. The results are obtained from the latest data of neutrino oscillation, cosmic microwave background, and the neutrino-less double beta decay experiments. These have significance in the discrimination of the neutrino mass ordering.</subfield>
  </datafield>
  <datafield tag="084" ind1=" " ind2=" ">
    <subfield code="a">14.60.Lm</subfield>
    <subfield code="2">PACS</subfield>
  </datafield>
  <datafield tag="084" ind1=" " ind2=" ">
    <subfield code="a">14.60.Pq</subfield>
    <subfield code="2">PACS</subfield>
  </datafield>
  <datafield tag="100" ind1=" " ind2=" ">
    <subfield code="a">Haba, Naoyuki</subfield>
    <subfield code="v">Department of Physics, Faculty of Science, Hokkaido University, Sapporo 060-0810, Japan</subfield>
    <subfield code="w">Japan</subfield>
  </datafield>
  <datafield tag="540" ind1=" " ind2=" ">
    <subfield code="a">CC-BY-3.0</subfield>
    <subfield code="u">http://creativecommons.org/licenses/by/3.0/</subfield>
  </datafield>
  <datafield tag="542" ind1=" " ind2=" ">
    <subfield code="f">The Authors</subfield>
  </datafield>
  <datafield tag="591" ind1=" " ind2=" ">
    <subfield code="a">CC:1</subfield>
  </datafield>
  <datafield tag="591" ind1=" " ind2=" ">
    <subfield code="a">Authors:1</subfield>
  </datafield>
  <datafield tag="591" ind1=" " ind2=" ">
    <subfield code="a">SCOAP3:1</subfield>
  </datafield>
  <datafield tag="591" ind1=" " ind2=" ">
    <subfield code="a">Category:1</subfield>
  </datafield>
  <datafield tag="700" ind1=" " ind2=" ">
    <subfield code="a">Takahashi, Ryo</subfield>
    <subfield code="v">Department of Physics, Faculty of Science, Hokkaido University, Sapporo 060-0810, Japan</subfield>
    <subfield code="w">Japan</subfield>
  </datafield>
  <datafield tag="773" ind1=" " ind2=" ">
    <subfield code="p">Acta Physica Polonica B</subfield>
    <subfield code="v">45</subfield>
    <subfield code="n">1</subfield>
    <subfield code="c">61-69</subfield>
    <subfield code="y">2014</subfield>
  </datafield>
  <datafield tag="856" ind1="4" ind2=" ">
    <subfield code="s">552221</subfield>
    <subfield code="u">http://repo.scoap3.org/record/1012/files/fulltext.pdf</subfield>
  </datafield>
  <datafield tag="856" ind1="4" ind2=" ">
    <subfield code="s">223386</subfield>
    <subfield code="u">http://repo.scoap3.org/record/1012/files/fulltext.pdf?subformat=pdfa</subfield>
    <subfield code="x">pdfa</subfield>
  </datafield>
  <datafield tag="909" ind1="C" ind2="O">
    <subfield code="o">oai:repo.scoap3.org:1012</subfield>
    <subfield code="p">GLOBAL_SET</subfield>
    <subfield code="p">ACTA_PHYSICA_POLONICA</subfield>
    <subfield code="q">ACTA_PHISICA_POLONICA</subfield>
  </datafield>
  <datafield tag="980" ind1=" " ind2=" ">
    <subfield code="a">SCOAP3</subfield>
    <subfield code="b">Acta</subfield>
  </datafield>
</record>