
<record>
  <controlfield tag="001">15916</controlfield>
  <controlfield tag="005">20160608182645.0</controlfield>
  <datafield tag="022" ind1=" " ind2=" ">
    <subfield code="a">1475-7516</subfield>
  </datafield>
  <datafield tag="024" ind1="7" ind2=" ">
    <subfield code="a">10.1088/1475-7516/2016/06/015</subfield>
    <subfield code="2">DOI</subfield>
  </datafield>
  <datafield tag="035" ind1=" " ind2=" ">
    <subfield code="a">1414747</subfield>
    <subfield code="9">INSPIRE</subfield>
  </datafield>
  <datafield tag="037" ind1=" " ind2=" ">
    <subfield code="a">arXiv:1601.02140</subfield>
    <subfield code="9">arXiv</subfield>
  </datafield>
  <datafield tag="100" ind1=" " ind2=" ">
    <subfield code="a">Harigaya, Keisuke</subfield>
    <subfield code="v">Department of Physics, University of California,  Berkeley, California 94720, U.S.A.</subfield>
    <subfield code="v">Theoretical Physics Group, Lawrence Berkeley National Laboratory,  Berkeley, California 94720, U.S.A.</subfield>
    <subfield code="w">USA</subfield>
  </datafield>
  <datafield tag="245" ind1=" " ind2=" ">
    <subfield code="a">
Cosmology with a heavy Polonyi field</subfield>
  </datafield>
  <datafield tag="260" ind1=" " ind2=" ">
    <subfield code="c">2016-06-01</subfield>
    <subfield code="b">Institute of Physics Publishing/SISSA</subfield>
  </datafield>
  <datafield tag="520" ind1=" " ind2=" ">
    <subfield code="a">We consider a cosmologically consistent scenario with a heavy Polonyi field. The Polonyi field with a mass of 𝒪(100) TeV decays before the Big-Bang Nucleosynthesis (BBN) and avoids the severe constraint from the BBN. However, the abundance of the Lightest Supersymmetric Particle (LSP) produced from the decay often exceeds the observed dark matter density. In our scenario, the dark matter density is obtained by the LSP abundance with an aid of entropy production, and baryon asymmetry is generated by the Affleck-Dine mechanism. We show that the observed baryon-to-dark matter ratio of 𝒪(0.1–1) is naturally explained in sequestering models with a QCD axion.</subfield>
  </datafield>
  <datafield tag="540" ind1=" " ind2=" ">
    <subfield code="a">CC-BY-3.0</subfield>
    <subfield code="u">http://creativecommons.org/licenses/by/3.0/</subfield>
  </datafield>
  <datafield tag="542" ind1=" " ind2=" ">
    <subfield code="f"></subfield>
  </datafield>
  <datafield tag="591" ind1=" " ind2=" ">
    <subfield code="a">CC:1</subfield>
  </datafield>
  <datafield tag="591" ind1=" " ind2=" ">
    <subfield code="a">Authors:1</subfield>
  </datafield>
  <datafield tag="591" ind1=" " ind2=" ">
    <subfield code="a">SCOAP3:1</subfield>
  </datafield>
  <datafield tag="591" ind1=" " ind2=" ">
    <subfield code="a">Category:1</subfield>
  </datafield>
  <datafield tag="653" ind1="1" ind2=" ">
    <subfield code="a">cosmology of theories beyond the SM</subfield>
    <subfield code="9">author</subfield>
  </datafield>
  <datafield tag="653" ind1="1" ind2=" ">
    <subfield code="a">supersymmetry and cosmology</subfield>
    <subfield code="9">author</subfield>
  </datafield>
  <datafield tag="653" ind1="1" ind2=" ">
    <subfield code="a">baryon asymmetry</subfield>
    <subfield code="9">author</subfield>
  </datafield>
  <datafield tag="700" ind1=" " ind2=" ">
    <subfield code="a">Hayakawa, Taku</subfield>
    <subfield code="v">Institute for Cosmic Ray Research, The University of Tokyo,  5-1-5 Kashiwanoha, Kashiwa, Chiba 277-8582, Japan</subfield>
    <subfield code="w">Japan</subfield>
  </datafield>
  <datafield tag="700" ind1=" " ind2=" ">
    <subfield code="a">Kawasaki, Masahiro</subfield>
    <subfield code="v">Institute for Cosmic Ray Research, The University of Tokyo,  5-1-5 Kashiwanoha, Kashiwa, Chiba 277-8582, Japan</subfield>
    <subfield code="v">Kavli IPMU (WPI), UTIAS, The University of Tokyo,  5-1-5 Kashiwanoha, Kashiwa, 277-8583, Japan</subfield>
    <subfield code="w">Japan</subfield>
  </datafield>
  <datafield tag="700" ind1=" " ind2=" ">
    <subfield code="a">Yamada, Masaki</subfield>
    <subfield code="v">Institute for Cosmic Ray Research, The University of Tokyo,  5-1-5 Kashiwanoha, Kashiwa, Chiba 277-8582, Japan</subfield>
    <subfield code="v">Kavli IPMU (WPI), UTIAS, The University of Tokyo,  5-1-5 Kashiwanoha, Kashiwa, 277-8583, Japan</subfield>
    <subfield code="w">Japan</subfield>
  </datafield>
  <datafield tag="773" ind1=" " ind2=" ">
    <subfield code="p">JCAP</subfield>
    <subfield code="v">1606</subfield>
    <subfield code="n">06</subfield>
    <subfield code="c">015</subfield>
    <subfield code="y">2016</subfield>
  </datafield>
  <datafield tag="856" ind1="4" ind2=" ">
    <subfield code="s">383418</subfield>
    <subfield code="u">http://repo.scoap3.org/record/15916/files/fulltext.pdf</subfield>
  </datafield>
  <datafield tag="856" ind1="4" ind2=" ">
    <subfield code="s">76820</subfield>
    <subfield code="u">http://repo.scoap3.org/record/15916/files/fulltext.xml</subfield>
  </datafield>
  <datafield tag="909" ind1="C" ind2="O">
    <subfield code="o">oai:repo.scoap3.org:15916</subfield>
    <subfield code="p">GLOBAL_SET</subfield>
    <subfield code="p">JOURNAL_OF_COSMOLOGY_AND_ASTROPARTICLE_PHYSICS</subfield>
  </datafield>
  <datafield tag="980" ind1=" " ind2=" ">
    <subfield code="a">SCOAP3</subfield>
    <subfield code="b">IOP</subfield>
  </datafield>
</record>