
<record>
  <controlfield tag="001">15894</controlfield>
  <controlfield tag="005">20160607134337.0</controlfield>
  <datafield tag="022" ind1=" " ind2=" ">
    <subfield code="a">1475-7516</subfield>
  </datafield>
  <datafield tag="024" ind1="7" ind2=" ">
    <subfield code="a">10.1088/1475-7516/2016/06/007</subfield>
    <subfield code="2">DOI</subfield>
  </datafield>
  <datafield tag="035" ind1=" " ind2=" ">
    <subfield code="a">1449891</subfield>
    <subfield code="9">INSPIRE</subfield>
  </datafield>
  <datafield tag="037" ind1=" " ind2=" ">
    <subfield code="a">arXiv:1604.06085</subfield>
    <subfield code="9">arXiv</subfield>
  </datafield>
  <datafield tag="100" ind1=" " ind2=" ">
    <subfield code="a">Starobinsky, Alexei A.</subfield>
    <subfield code="v">L.D. Landau Institute for Theoretical Physics RAS,  Moscow 119334, Russia</subfield>
    <subfield code="v">Department of General Relativity and Gravitation, Institute of Physics,  Kazan Federal University,  Kremlevskaya street 18, 420008 Kazan, Russia</subfield>
    <subfield code="w">Russia</subfield>
  </datafield>
  <datafield tag="245" ind1=" " ind2=" ">
    <subfield code="a">
The screening Horndeski cosmologies</subfield>
  </datafield>
  <datafield tag="260" ind1=" " ind2=" ">
    <subfield code="c">2016-06-01</subfield>
    <subfield code="b">Institute of Physics Publishing/SISSA</subfield>
  </datafield>
  <datafield tag="520" ind1=" " ind2=" ">
    <subfield code="a">We present a systematic analysis of homogeneous and   isotropic cosmologies in a particular Horndeski model with Galileon   shift symmetry, containing also a Λ-term and a matter.  The   model, sometimes called Fab Five, admits a rich spectrum of   solutions.  Some of them describe the standard late time   cosmological dynamic dominated by the Λ-term and matter,   while at the early times the universe expands with a constant Hubble   rate determined by the value of the scalar kinetic coupling. For   other solutions the Λ-term and matter are screened at all   times but there are nevertheless the early and late accelerating   phases.  The model also admits bounces, as well as peculiar   solutions describing ``the emergence of time''.  Most of these   solutions contain ghosts in the scalar and tensor sectors. However,   a careful analysis reveals three different branches of ghost-free   solutions, all showing a late time acceleration phase. We analyse   the dynamical stability of these solutions and find that all of them   are stable in the future, since all their perturbations stay bounded   at late times. However, they all turn out to be unstable in the   past, as their perturbations grow violently when one approaches the   initial spacetime singularity. We therefore conclude that the model   has no viable solutions describing the whole of the cosmological   history, although it may describe the current acceleration phase.   We also check that the flat space solution is ghost-free in the   model, but it may acquire ghost in more general versions of the   Horndeski theory.</subfield>
  </datafield>
  <datafield tag="540" ind1=" " ind2=" ">
    <subfield code="a">CC-BY-3.0</subfield>
    <subfield code="u">http://creativecommons.org/licenses/by/3.0/</subfield>
  </datafield>
  <datafield tag="542" ind1=" " ind2=" ">
    <subfield code="f"></subfield>
  </datafield>
  <datafield tag="591" ind1=" " ind2=" ">
    <subfield code="a">CC:1</subfield>
  </datafield>
  <datafield tag="591" ind1=" " ind2=" ">
    <subfield code="a">Authors:1</subfield>
  </datafield>
  <datafield tag="591" ind1=" " ind2=" ">
    <subfield code="a">SCOAP3:1</subfield>
  </datafield>
  <datafield tag="591" ind1=" " ind2=" ">
    <subfield code="a">Category:1</subfield>
  </datafield>
  <datafield tag="653" ind1="1" ind2=" ">
    <subfield code="a">modified gravity</subfield>
    <subfield code="9">author</subfield>
  </datafield>
  <datafield tag="653" ind1="1" ind2=" ">
    <subfield code="a">cosmological perturbation theory</subfield>
    <subfield code="9">author</subfield>
  </datafield>
  <datafield tag="653" ind1="1" ind2=" ">
    <subfield code="a">dark energy theory</subfield>
    <subfield code="9">author</subfield>
  </datafield>
  <datafield tag="700" ind1=" " ind2=" ">
    <subfield code="a">Sushkov, Sergey V.</subfield>
    <subfield code="v">Department of General Relativity and Gravitation, Institute of Physics,  Kazan Federal University,  Kremlevskaya street 18, 420008 Kazan, Russia</subfield>
    <subfield code="w">Russia</subfield>
  </datafield>
  <datafield tag="700" ind1=" " ind2=" ">
    <subfield code="a">Volkov, Mikhail S.</subfield>
    <subfield code="v">Laboratoire de Mathématiques et Physique Théorique CNRS-UMR 7350,  Université de Tours,  Parc de Grandmont, 37200 Tours, France</subfield>
    <subfield code="v">Department of General Relativity and Gravitation, Institute of Physics,  Kazan Federal University,  Kremlevskaya street 18, 420008 Kazan, Russia</subfield>
    <subfield code="w">Russia</subfield>
    <subfield code="w">France</subfield>
  </datafield>
  <datafield tag="773" ind1=" " ind2=" ">
    <subfield code="p">JCAP</subfield>
    <subfield code="v">1606</subfield>
    <subfield code="n">06</subfield>
    <subfield code="c">007</subfield>
    <subfield code="y">2016</subfield>
  </datafield>
  <datafield tag="856" ind1="4" ind2=" ">
    <subfield code="s">602538</subfield>
    <subfield code="u">http://repo.scoap3.org/record/15894/files/fulltext.pdf</subfield>
  </datafield>
  <datafield tag="856" ind1="4" ind2=" ">
    <subfield code="s">81454</subfield>
    <subfield code="u">http://repo.scoap3.org/record/15894/files/fulltext.xml</subfield>
  </datafield>
  <datafield tag="909" ind1="C" ind2="O">
    <subfield code="o">oai:repo.scoap3.org:15894</subfield>
    <subfield code="p">GLOBAL_SET</subfield>
    <subfield code="p">JOURNAL_OF_COSMOLOGY_AND_ASTROPARTICLE_PHYSICS</subfield>
  </datafield>
  <datafield tag="980" ind1=" " ind2=" ">
    <subfield code="a">SCOAP3</subfield>
    <subfield code="b">IOP</subfield>
  </datafield>
</record>