
<record>
  <controlfield tag="001">15759</controlfield>
  <controlfield tag="005">20160525175806.0</controlfield>
  <datafield tag="022" ind1=" " ind2=" ">
    <subfield code="a">1475-7516</subfield>
  </datafield>
  <datafield tag="024" ind1="7" ind2=" ">
    <subfield code="a">10.1088/1475-7516/2016/05/061</subfield>
    <subfield code="2">DOI</subfield>
  </datafield>
  <datafield tag="035" ind1=" " ind2=" ">
    <subfield code="a">1426489</subfield>
    <subfield code="9">INSPIRE</subfield>
  </datafield>
  <datafield tag="037" ind1=" " ind2=" ">
    <subfield code="a">arXiv:1603.02165</subfield>
    <subfield code="9">arXiv</subfield>
  </datafield>
  <datafield tag="100" ind1=" " ind2=" ">
    <subfield code="a">Felice, Antonio De</subfield>
    <subfield code="v">Center for Gravitational Physics, Yukawa Institute for Theoretical Physics,  Kyoto University,  606-8502, Kyoto, Japan</subfield>
    <subfield code="w">Japan</subfield>
  </datafield>
  <datafield tag="245" ind1=" " ind2=" ">
    <subfield code="a">
New quasidilaton theory in partially constrained vielbein formalism</subfield>
  </datafield>
  <datafield tag="260" ind1=" " ind2=" ">
    <subfield code="c">2016-05-01</subfield>
    <subfield code="b">Institute of Physics Publishing/SISSA</subfield>
  </datafield>
  <datafield tag="520" ind1=" " ind2=" ">
    <subfield code="a">In this work we study the partially constrained vielbein formulation of the new quasidilaton theory of massive gravity, where the quasidilaton field couples to both physical and fiducial metrics simultaneously via a composite effective metric and Lorentz violation is introduced by a constraint on the vielbein. This formalism improves the new quasidilaton model since the Boulware-Deser ghost is removed fully non-linearly at all scales. This also yields crucial implications in the cosmological applications. We derive the governing cosmological background evolution and study the stability of the attractor solution.</subfield>
  </datafield>
  <datafield tag="540" ind1=" " ind2=" ">
    <subfield code="a">CC-BY-3.0</subfield>
    <subfield code="u">http://creativecommons.org/licenses/by/3.0/</subfield>
  </datafield>
  <datafield tag="542" ind1=" " ind2=" ">
    <subfield code="f"></subfield>
  </datafield>
  <datafield tag="591" ind1=" " ind2=" ">
    <subfield code="a">CC:1</subfield>
  </datafield>
  <datafield tag="591" ind1=" " ind2=" ">
    <subfield code="a">Authors:1</subfield>
  </datafield>
  <datafield tag="591" ind1=" " ind2=" ">
    <subfield code="a">SCOAP3:1</subfield>
  </datafield>
  <datafield tag="591" ind1=" " ind2=" ">
    <subfield code="a">Category:1</subfield>
  </datafield>
  <datafield tag="653" ind1="1" ind2=" ">
    <subfield code="a">cosmological perturbation theory</subfield>
    <subfield code="9">author</subfield>
  </datafield>
  <datafield tag="653" ind1="1" ind2=" ">
    <subfield code="a">dark energy theory</subfield>
    <subfield code="9">author</subfield>
  </datafield>
  <datafield tag="653" ind1="1" ind2=" ">
    <subfield code="a">modified gravity</subfield>
    <subfield code="9">author</subfield>
  </datafield>
  <datafield tag="700" ind1=" " ind2=" ">
    <subfield code="a">Gümrükçüoğlu, A. Emir</subfield>
    <subfield code="v">Theoretical Physics Group, Blackett Laboratory, Imperial College London,  South Kensington Campus, London, SW7 2AZ, U.K.</subfield>
    <subfield code="w">UK</subfield>
  </datafield>
  <datafield tag="700" ind1=" " ind2=" ">
    <subfield code="a">Heisenberg, Lavinia</subfield>
    <subfield code="v">Institute for Theoretical Studies, ETH Zurich,  Clausiusstrasse 47, 8092 Zurich, Switzerland</subfield>
    <subfield code="w">Switzerland</subfield>
  </datafield>
  <datafield tag="700" ind1=" " ind2=" ">
    <subfield code="a">Mukohyama, Shinji</subfield>
    <subfield code="v">Center for Gravitational Physics, Yukawa Institute for Theoretical Physics,  Kyoto University,  606-8502, Kyoto, Japan</subfield>
    <subfield code="v">Kavli Institute for the Physics and Mathematics of the Universe (WPI),  UTIAS, The University of Tokyo,  Kashiwa, Chiba 277-8583, Japan</subfield>
    <subfield code="w">Japan</subfield>
  </datafield>
  <datafield tag="700" ind1=" " ind2=" ">
    <subfield code="a">Tanahashi, Norihiro</subfield>
    <subfield code="v">Department of Applied Mathematics and Theoretical Physics,  Centre for Mathematical Sciences, University of Cambridge,  Wilberforce Road, Cambridge CB3 0WA, U.K.</subfield>
    <subfield code="w">UK</subfield>
  </datafield>
  <datafield tag="773" ind1=" " ind2=" ">
    <subfield code="p">JCAP</subfield>
    <subfield code="v">1605</subfield>
    <subfield code="n">05</subfield>
    <subfield code="c">061</subfield>
    <subfield code="y">2016</subfield>
  </datafield>
  <datafield tag="856" ind1="4" ind2=" ">
    <subfield code="s">323521</subfield>
    <subfield code="u">http://repo.scoap3.org/record/15759/files/fulltext.pdf</subfield>
  </datafield>
  <datafield tag="856" ind1="4" ind2=" ">
    <subfield code="s">64849</subfield>
    <subfield code="u">http://repo.scoap3.org/record/15759/files/fulltext.xml</subfield>
  </datafield>
  <datafield tag="909" ind1="C" ind2="O">
    <subfield code="o">oai:repo.scoap3.org:15759</subfield>
    <subfield code="p">GLOBAL_SET</subfield>
    <subfield code="p">JOURNAL_OF_COSMOLOGY_AND_ASTROPARTICLE_PHYSICS</subfield>
  </datafield>
  <datafield tag="980" ind1=" " ind2=" ">
    <subfield code="a">SCOAP3</subfield>
    <subfield code="b">IOP</subfield>
  </datafield>
</record>