
<record>
  <controlfield tag="001">15720</controlfield>
  <controlfield tag="005">20160523184234.0</controlfield>
  <datafield tag="022" ind1=" " ind2=" ">
    <subfield code="a">1475-7516</subfield>
  </datafield>
  <datafield tag="024" ind1="7" ind2=" ">
    <subfield code="a">10.1088/1475-7516/2016/05/050</subfield>
    <subfield code="2">DOI</subfield>
  </datafield>
  <datafield tag="035" ind1=" " ind2=" ">
    <subfield code="a">1422589</subfield>
    <subfield code="9">INSPIRE</subfield>
  </datafield>
  <datafield tag="037" ind1=" " ind2=" ">
    <subfield code="a">arXiv:1602.05966</subfield>
    <subfield code="9">arXiv</subfield>
  </datafield>
  <datafield tag="100" ind1=" " ind2=" ">
    <subfield code="a">Queiroz, Farinaldo S.</subfield>
    <subfield code="v">Max-Planck-Institut für Kernphysik,   Saupfercheckweg 1, 69117 Heidelberg, Germany</subfield>
    <subfield code="v">GRAPPA Institute, University of Amsterdam,   Science Park 904, 1090 GL Amsterdam, Netherland</subfield>
    <subfield code="w">HUMAN CHECK</subfield>
    <subfield code="w">Germany</subfield>
  </datafield>
  <datafield tag="245" ind1=" " ind2=" ">
    <subfield code="a">
Gamma-ray limits on neutrino lines</subfield>
  </datafield>
  <datafield tag="260" ind1=" " ind2=" ">
    <subfield code="c">2016-05-01</subfield>
    <subfield code="b">Institute of Physics Publishing/SISSA</subfield>
  </datafield>
  <datafield tag="520" ind1=" " ind2=" ">
    <subfield code="a">Monochromatic neutrinos from dark matter annihilations (χχ→ νν̄) are always produced in association with a gamma-ray spectrum  generated by  electroweak bremsstrahlung. Consequently, these neutrino lines can  be searched for not only with neutrino detectors but also indirectly with gamma-ray telescopes. Here, we derive limits  on the dark matter annihilation cross section  into neutrinos based on  recent Fermi-LAT and HESS data. We find that, for dark matter masses above 200 GeV,  gamma-ray data  actually set the most stringent constraints on neutrino lines from dark matter annihilation and, therefore, an upper bound on the dark matter total annihilation cross section. In addition, we point out that gamma-ray telescopes, unlike neutrino detectors, have the potential to  distinguish the flavor of the final state  neutrino. Our results indicate that we have already entered into a new era where  gamma-ray telescopes are more sensitive than neutrino detectors to neutrino lines from dark matter annihilation.</subfield>
  </datafield>
  <datafield tag="540" ind1=" " ind2=" ">
    <subfield code="a">CC-BY-3.0</subfield>
    <subfield code="u">http://creativecommons.org/licenses/by/3.0/</subfield>
  </datafield>
  <datafield tag="542" ind1=" " ind2=" ">
    <subfield code="f"></subfield>
  </datafield>
  <datafield tag="591" ind1=" " ind2=" ">
    <subfield code="a">CC:1</subfield>
  </datafield>
  <datafield tag="591" ind1=" " ind2=" ">
    <subfield code="a">Authors:1</subfield>
  </datafield>
  <datafield tag="591" ind1=" " ind2=" ">
    <subfield code="a">SCOAP3:1</subfield>
  </datafield>
  <datafield tag="591" ind1=" " ind2=" ">
    <subfield code="a">Category:1</subfield>
  </datafield>
  <datafield tag="653" ind1="1" ind2=" ">
    <subfield code="a">dark matter theory</subfield>
    <subfield code="9">author</subfield>
  </datafield>
  <datafield tag="653" ind1="1" ind2=" ">
    <subfield code="a">dark matter experiments</subfield>
    <subfield code="9">author</subfield>
  </datafield>
  <datafield tag="653" ind1="1" ind2=" ">
    <subfield code="a">gamma ray experiments</subfield>
    <subfield code="9">author</subfield>
  </datafield>
  <datafield tag="653" ind1="1" ind2=" ">
    <subfield code="a">neutrino experiments</subfield>
    <subfield code="9">author</subfield>
  </datafield>
  <datafield tag="700" ind1=" " ind2=" ">
    <subfield code="a">Yaguna, Carlos E.</subfield>
    <subfield code="v">Max-Planck-Institut für Kernphysik,   Saupfercheckweg 1, 69117 Heidelberg, Germany</subfield>
    <subfield code="v">GRAPPA Institute, University of Amsterdam,   Science Park 904, 1090 GL Amsterdam, Netherland</subfield>
    <subfield code="w">HUMAN CHECK</subfield>
    <subfield code="w">Germany</subfield>
  </datafield>
  <datafield tag="700" ind1=" " ind2=" ">
    <subfield code="a">Weniger, Christoph</subfield>
    <subfield code="v">Max-Planck-Institut für Kernphysik,   Saupfercheckweg 1, 69117 Heidelberg, Germany</subfield>
    <subfield code="v">GRAPPA Institute, University of Amsterdam,   Science Park 904, 1090 GL Amsterdam, Netherland</subfield>
    <subfield code="w">HUMAN CHECK</subfield>
    <subfield code="w">Germany</subfield>
  </datafield>
  <datafield tag="773" ind1=" " ind2=" ">
    <subfield code="p">JCAP</subfield>
    <subfield code="v">1605</subfield>
    <subfield code="n">05</subfield>
    <subfield code="c">050</subfield>
    <subfield code="y">2016</subfield>
  </datafield>
  <datafield tag="856" ind1="4" ind2=" ">
    <subfield code="s">29725</subfield>
    <subfield code="u">http://repo.scoap3.org/record/15720/files/fulltext.xml</subfield>
  </datafield>
  <datafield tag="856" ind1="4" ind2=" ">
    <subfield code="s">398902</subfield>
    <subfield code="u">http://repo.scoap3.org/record/15720/files/fulltext.pdf</subfield>
  </datafield>
  <datafield tag="909" ind1="C" ind2="O">
    <subfield code="o">oai:repo.scoap3.org:15720</subfield>
    <subfield code="p">GLOBAL_SET</subfield>
    <subfield code="p">JOURNAL_OF_COSMOLOGY_AND_ASTROPARTICLE_PHYSICS</subfield>
  </datafield>
  <datafield tag="980" ind1=" " ind2=" ">
    <subfield code="a">SCOAP3</subfield>
    <subfield code="b">IOP</subfield>
  </datafield>
</record>