
<record>
  <controlfield tag="001">15629</controlfield>
  <controlfield tag="005">20160516160111.0</controlfield>
  <datafield tag="022" ind1=" " ind2=" ">
    <subfield code="a">1475-7516</subfield>
  </datafield>
  <datafield tag="024" ind1="7" ind2=" ">
    <subfield code="a">10.1088/1475-7516/2016/05/033</subfield>
    <subfield code="2">DOI</subfield>
  </datafield>
  <datafield tag="035" ind1=" " ind2=" ">
    <subfield code="a">1407786</subfield>
    <subfield code="9">INSPIRE</subfield>
  </datafield>
  <datafield tag="037" ind1=" " ind2=" ">
    <subfield code="a">arXiv:1512.00460</subfield>
    <subfield code="9">arXiv</subfield>
  </datafield>
  <datafield tag="100" ind1=" " ind2=" ">
    <subfield code="a">McCabe, Christopher</subfield>
    <subfield code="v">GRAPPA Centre for Excellence,  Institute for Theoretical Physics Amsterdam (ITFA),  University of Amsterdam,  Science Park 904, the Netherlands</subfield>
    <subfield code="w">Netherlands</subfield>
  </datafield>
  <datafield tag="245" ind1=" " ind2=" ">
    <subfield code="a">
Prospects for dark matter detection with inelastic transitions of xenon</subfield>
  </datafield>
  <datafield tag="260" ind1=" " ind2=" ">
    <subfield code="c">2016-05-01</subfield>
    <subfield code="b">Institute of Physics Publishing/SISSA</subfield>
  </datafield>
  <datafield tag="520" ind1=" " ind2=" ">
    <subfield code="a">Dark matter can scatter and excite a nucleus to a low-lying   excitation in a direct detection experiment. This signature is   distinct from the canonical elastic scattering signal because the   inelastic signal also contains the energy deposited from the   subsequent prompt de-excitation of the nucleus. A measurement of the   elastic and inelastic signal will allow a single experiment to   distinguish between a spin-independent and spin-dependent   interaction. For the first time, we characterise the inelastic   signal for two-phase xenon detectors in which dark matter   inelastically scatters off the 129Xe   or 131Xe isotope. We do this by implementing a   realistic simulation of a typical tonne-scale two-phase xenon   detector and by carefully estimating the relevant background   signals. With our detector simulation, we explore whether the   inelastic signal from the axial-vector interaction is detectable   with upcoming tonne-scale detectors. We find that two-phase   detectors allow for some discrimination between signal and   background so that it is possible to detect dark matter that   inelastically scatters off either the 129Xe   or 131Xe isotope for dark matter particles that are   heavier than approximately 010 GeV . If, after two years of   data, the XENON1T search for elastic scattering nuclei finds no   evidence for dark matter, the possibility of ever detecting an   inelastic signal from the axial-vector interaction will be almost   entirely excluded.  </subfield>
  </datafield>
  <datafield tag="540" ind1=" " ind2=" ">
    <subfield code="a">CC-BY-3.0</subfield>
    <subfield code="u">http://creativecommons.org/licenses/by/3.0/</subfield>
  </datafield>
  <datafield tag="542" ind1=" " ind2=" ">
    <subfield code="f"></subfield>
  </datafield>
  <datafield tag="591" ind1=" " ind2=" ">
    <subfield code="a">CC:1</subfield>
  </datafield>
  <datafield tag="591" ind1=" " ind2=" ">
    <subfield code="a">Authors:1</subfield>
  </datafield>
  <datafield tag="591" ind1=" " ind2=" ">
    <subfield code="a">SCOAP3:1</subfield>
  </datafield>
  <datafield tag="591" ind1=" " ind2=" ">
    <subfield code="a">Category:1</subfield>
  </datafield>
  <datafield tag="653" ind1="1" ind2=" ">
    <subfield code="a">dark matter experiments</subfield>
    <subfield code="9">author</subfield>
  </datafield>
  <datafield tag="653" ind1="1" ind2=" ">
    <subfield code="a">dark matter theory</subfield>
    <subfield code="9">author</subfield>
  </datafield>
  <datafield tag="653" ind1="1" ind2=" ">
    <subfield code="a">dark matter detectors</subfield>
    <subfield code="9">author</subfield>
  </datafield>
  <datafield tag="653" ind1="1" ind2=" ">
    <subfield code="a">dark matter simulations</subfield>
    <subfield code="9">author</subfield>
  </datafield>
  <datafield tag="773" ind1=" " ind2=" ">
    <subfield code="p">JCAP</subfield>
    <subfield code="v">1605</subfield>
    <subfield code="n">05</subfield>
    <subfield code="c">033</subfield>
    <subfield code="y">2016</subfield>
  </datafield>
  <datafield tag="856" ind1="4" ind2=" ">
    <subfield code="s">119093</subfield>
    <subfield code="u">http://repo.scoap3.org/record/15629/files/fulltext.xml</subfield>
  </datafield>
  <datafield tag="856" ind1="4" ind2=" ">
    <subfield code="s">3608506</subfield>
    <subfield code="u">http://repo.scoap3.org/record/15629/files/fulltext.pdf</subfield>
  </datafield>
  <datafield tag="909" ind1="C" ind2="O">
    <subfield code="o">oai:repo.scoap3.org:15629</subfield>
    <subfield code="p">GLOBAL_SET</subfield>
    <subfield code="p">JOURNAL_OF_COSMOLOGY_AND_ASTROPARTICLE_PHYSICS</subfield>
  </datafield>
  <datafield tag="980" ind1=" " ind2=" ">
    <subfield code="a">SCOAP3</subfield>
    <subfield code="b">IOP</subfield>
  </datafield>
</record>