
<record>
  <controlfield tag="001">15612</controlfield>
  <controlfield tag="005">20160513175730.0</controlfield>
  <datafield tag="022" ind1=" " ind2=" ">
    <subfield code="a">1475-7516</subfield>
  </datafield>
  <datafield tag="024" ind1="7" ind2=" ">
    <subfield code="a">10.1088/1475-7516/2016/05/032</subfield>
    <subfield code="2">DOI</subfield>
  </datafield>
  <datafield tag="035" ind1=" " ind2=" ">
    <subfield code="a">1431960</subfield>
    <subfield code="9">INSPIRE</subfield>
  </datafield>
  <datafield tag="037" ind1=" " ind2=" ">
    <subfield code="a">arXiv:1603.06789</subfield>
    <subfield code="9">arXiv</subfield>
  </datafield>
  <datafield tag="100" ind1=" " ind2=" ">
    <subfield code="a">Burgess, C.P.</subfield>
    <subfield code="v">Department of Physics &amp; Astronomy, McMaster University,    1280 Main Street West, Hamilton ON, Canada</subfield>
    <subfield code="v">Perimeter Institute for Theoretical Physics,   31 Caroline Street North, Waterloo ON, Canada</subfield>
    <subfield code="w">Canada</subfield>
  </datafield>
  <datafield tag="245" ind1=" " ind2=" ">
    <subfield code="a">
Robust Inflation from fibrous strings</subfield>
  </datafield>
  <datafield tag="260" ind1=" " ind2=" ">
    <subfield code="c">2016-05-01</subfield>
    <subfield code="b">Institute of Physics Publishing/SISSA</subfield>
  </datafield>
  <datafield tag="520" ind1=" " ind2=" ">
    <subfield code="a">Successful inflationary models should (i) describe the data well; (ii) arise generically from sensible UV completions; (iii) be insensitive to detailed fine-tunings of parameters and (iv) make interesting new predictions. We argue that a class of models with these properties is characterized by relatively simple potentials with a constant term and negative exponentials. We here continue earlier work exploring UV completions for these models—including the key (though often ignored) issue of modulus stabilisation—to assess the robustness of their predictions. We show that string models where the inflaton is a fibration modulus seem to be robust due to an effective rescaling symmetry, and fairly generic since most known Calabi-Yau manifolds are fibrations. This class of models is characterized by a generic relation between the tensor-to-scalar ratio r and the spectral index ns of the form r ∝ (ns−1)2 where the proportionality constant depends on the nature of the effects used to develop the inflationary potential and the topology of the internal space. In particular we find that the largest values of the tensor-to-scalar ratio that can be obtained by generalizing the original set-up are of order r ≲ 0.01. We contrast this general picture with specific popular models, such as the Starobinsky scenario and α-attractors. Finally, we argue the self consistency of large-field inflationary models can strongly constrain non-supersymmetric inflationary mechanisms.</subfield>
  </datafield>
  <datafield tag="540" ind1=" " ind2=" ">
    <subfield code="a">CC-BY-3.0</subfield>
    <subfield code="u">http://creativecommons.org/licenses/by/3.0/</subfield>
  </datafield>
  <datafield tag="542" ind1=" " ind2=" ">
    <subfield code="f"></subfield>
  </datafield>
  <datafield tag="591" ind1=" " ind2=" ">
    <subfield code="a">CC:1</subfield>
  </datafield>
  <datafield tag="591" ind1=" " ind2=" ">
    <subfield code="a">Authors:1</subfield>
  </datafield>
  <datafield tag="591" ind1=" " ind2=" ">
    <subfield code="a">SCOAP3:1</subfield>
  </datafield>
  <datafield tag="591" ind1=" " ind2=" ">
    <subfield code="a">Category:1</subfield>
  </datafield>
  <datafield tag="653" ind1="1" ind2=" ">
    <subfield code="a">cosmological applications of theories with extra dimensions</subfield>
    <subfield code="9">author</subfield>
  </datafield>
  <datafield tag="653" ind1="1" ind2=" ">
    <subfield code="a">cosmology with extra dimensions</subfield>
    <subfield code="9">author</subfield>
  </datafield>
  <datafield tag="653" ind1="1" ind2=" ">
    <subfield code="a">inflation</subfield>
    <subfield code="9">author</subfield>
  </datafield>
  <datafield tag="653" ind1="1" ind2=" ">
    <subfield code="a">string theory and cosmology</subfield>
    <subfield code="9">author</subfield>
  </datafield>
  <datafield tag="700" ind1=" " ind2=" ">
    <subfield code="a">Cicoli, M.</subfield>
    <subfield code="v">Dipartimento di Fisica e Astronomia, Università di Bologna,    via Irnerio 46, 40126 Bologna, Italy</subfield>
    <subfield code="v">INFN, Sezione di Bologna, Bologna, Italy</subfield>
    <subfield code="v">Abdus Salam International Center for Theoretical Physics,  Strada Costiera 11, Trieste 34014, Italy</subfield>
    <subfield code="w">Italy</subfield>
  </datafield>
  <datafield tag="700" ind1=" " ind2=" ">
    <subfield code="a">de Alwis, S.</subfield>
    <subfield code="v">Physics Department, University of Colorado,   Boulder, CO 80309, U.S.A.</subfield>
    <subfield code="w">USA</subfield>
  </datafield>
  <datafield tag="700" ind1=" " ind2=" ">
    <subfield code="a">Quevedo, F.</subfield>
    <subfield code="v">Abdus Salam International Center for Theoretical Physics,  Strada Costiera 11, Trieste 34014, Italy</subfield>
    <subfield code="v">DAMTP, University of Cambridge,   Wilberforce Road,  Cambridge, CB3 0WA, U.K.</subfield>
    <subfield code="w">Italy</subfield>
    <subfield code="w">UK</subfield>
  </datafield>
  <datafield tag="773" ind1=" " ind2=" ">
    <subfield code="p">JCAP</subfield>
    <subfield code="v">1605</subfield>
    <subfield code="n">05</subfield>
    <subfield code="c">032</subfield>
    <subfield code="y">2016</subfield>
  </datafield>
  <datafield tag="856" ind1="4" ind2=" ">
    <subfield code="s">124147</subfield>
    <subfield code="u">http://repo.scoap3.org/record/15612/files/fulltext.xml</subfield>
  </datafield>
  <datafield tag="856" ind1="4" ind2=" ">
    <subfield code="s">1420767</subfield>
    <subfield code="u">http://repo.scoap3.org/record/15612/files/fulltext.pdf</subfield>
  </datafield>
  <datafield tag="909" ind1="C" ind2="O">
    <subfield code="o">oai:repo.scoap3.org:15612</subfield>
    <subfield code="p">GLOBAL_SET</subfield>
    <subfield code="p">JOURNAL_OF_COSMOLOGY_AND_ASTROPARTICLE_PHYSICS</subfield>
  </datafield>
  <datafield tag="980" ind1=" " ind2=" ">
    <subfield code="a">SCOAP3</subfield>
    <subfield code="b">IOP</subfield>
  </datafield>
</record>