
<record>
  <controlfield tag="001">15476</controlfield>
  <controlfield tag="005">20160504182613.0</controlfield>
  <datafield tag="022" ind1=" " ind2=" ">
    <subfield code="a">1475-7516</subfield>
  </datafield>
  <datafield tag="024" ind1="7" ind2=" ">
    <subfield code="a">10.1088/1475-7516/2016/05/011</subfield>
    <subfield code="2">DOI</subfield>
    <subfield code="t">2016-05-04T17:49:46Z</subfield>
  </datafield>
  <datafield tag="035" ind1=" " ind2=" ">
    <subfield code="a">1400794</subfield>
    <subfield code="9">INSPIRE</subfield>
  </datafield>
  <datafield tag="037" ind1=" " ind2=" ">
    <subfield code="a">arXiv:1510.07551</subfield>
    <subfield code="9">arXiv</subfield>
  </datafield>
  <datafield tag="100" ind1=" " ind2=" ">
    <subfield code="a">Yamashita, Yasuho</subfield>
    <subfield code="v">Yukawa Institute for Theoretical Physics, Kyoto University,  606-8502, Kyoto, Japan</subfield>
    <subfield code="w">Japan</subfield>
  </datafield>
  <datafield tag="245" ind1=" " ind2=" ">
    <subfield code="a">
Bigravity from gradient expansion</subfield>
  </datafield>
  <datafield tag="260" ind1=" " ind2=" ">
    <subfield code="c">2016-05-01</subfield>
    <subfield code="b">Institute of Physics Publishing/SISSA</subfield>
  </datafield>
  <datafield tag="520" ind1=" " ind2=" ">
    <subfield code="a">We discuss how the ghost-free bigravity coupled with a   single scalar field can be derived from a braneworld setup.  We   consider DGP two-brane model without radion stabilization.  The bulk   configuration is solved for given boundary metrics, and it is   substituted back into the action to obtain the effective   four-dimensional action.  In order to obtain the ghost-free   bigravity, we consider the gradient expansion in which the brane   separation is supposed to be sufficiently small so that two boundary   metrics are almost identical.  The obtained effective theory is   shown to be ghost free as expected, however, the interaction between   two gravitons takes the Fierz-Pauli form at the leading order of the   gradient expansion, even though we do not use the approximation of   linear perturbation.  We also find that the radion remains as a   scalar field in the four-dimensional effective theory, but its   coupling to the metrics is non-trivial.  </subfield>
  </datafield>
  <datafield tag="540" ind1=" " ind2=" ">
    <subfield code="a">CC-BY-3.0</subfield>
    <subfield code="u">http://creativecommons.org/licenses/by/3.0/</subfield>
  </datafield>
  <datafield tag="542" ind1=" " ind2=" ">
    <subfield code="f"></subfield>
  </datafield>
  <datafield tag="591" ind1=" " ind2=" ">
    <subfield code="a">CC:1</subfield>
  </datafield>
  <datafield tag="591" ind1=" " ind2=" ">
    <subfield code="a">Authors:1</subfield>
  </datafield>
  <datafield tag="591" ind1=" " ind2=" ">
    <subfield code="a">SCOAP3:1</subfield>
  </datafield>
  <datafield tag="591" ind1=" " ind2=" ">
    <subfield code="a">Category:1</subfield>
  </datafield>
  <datafield tag="653" ind1="1" ind2=" ">
    <subfield code="a">gravity</subfield>
    <subfield code="9">author</subfield>
  </datafield>
  <datafield tag="653" ind1="1" ind2=" ">
    <subfield code="a">modified gravity</subfield>
    <subfield code="9">author</subfield>
  </datafield>
  <datafield tag="700" ind1=" " ind2=" ">
    <subfield code="a">Tanaka, Takahiro</subfield>
    <subfield code="v">Yukawa Institute for Theoretical Physics, Kyoto University,  606-8502, Kyoto, Japan</subfield>
    <subfield code="v">Department of Physics, Kyoto University,  606-8502, Kyoto, Japan</subfield>
    <subfield code="w">Japan</subfield>
  </datafield>
  <datafield tag="773" ind1=" " ind2=" ">
    <subfield code="p">JCAP</subfield>
    <subfield code="v">1605</subfield>
    <subfield code="n">05</subfield>
    <subfield code="c">011</subfield>
    <subfield code="y">2016</subfield>
  </datafield>
  <datafield tag="856" ind1="4" ind2=" ">
    <subfield code="s">326165</subfield>
    <subfield code="u">http://repo.scoap3.org/record/15476/files/fulltext.pdf</subfield>
  </datafield>
  <datafield tag="856" ind1="4" ind2=" ">
    <subfield code="s">80136</subfield>
    <subfield code="u">http://repo.scoap3.org/record/15476/files/fulltext.xml</subfield>
  </datafield>
  <datafield tag="909" ind1="C" ind2="O">
    <subfield code="o">oai:repo.scoap3.org:15476</subfield>
    <subfield code="p">GLOBAL_SET</subfield>
    <subfield code="p">JOURNAL_OF_COSMOLOGY_AND_ASTROPARTICLE_PHYSICS</subfield>
  </datafield>
  <datafield tag="980" ind1=" " ind2=" ">
    <subfield code="a">SCOAP3</subfield>
    <subfield code="b">IOP</subfield>
  </datafield>
</record>