
<record>
  <controlfield tag="001">15389</controlfield>
  <controlfield tag="005">20160427185258.0</controlfield>
  <datafield tag="022" ind1=" " ind2=" ">
    <subfield code="a">1475-7516</subfield>
  </datafield>
  <datafield tag="024" ind1="7" ind2=" ">
    <subfield code="a">10.1088/1475-7516/2016/04/055</subfield>
    <subfield code="2">DOI</subfield>
  </datafield>
  <datafield tag="035" ind1=" " ind2=" ">
    <subfield code="a">1416809</subfield>
    <subfield code="9">INSPIRE</subfield>
  </datafield>
  <datafield tag="037" ind1=" " ind2=" ">
    <subfield code="a">arXiv:1601.06667</subfield>
    <subfield code="9">arXiv</subfield>
  </datafield>
  <datafield tag="100" ind1=" " ind2=" ">
    <subfield code="a">Hatefi, Ehsan</subfield>
    <subfield code="v">Centre for Research in String Theory, School of Physics and Astronomy,  Queen Mary University of London, Mile End Road, London E1 4NS, United Kingdom</subfield>
    <subfield code="v">Institute for Theoretical Physics, TU Wien,  Wiedner Hauptstrasse 8-10/136, A-1040 Vienna, Austria</subfield>
    <subfield code="w">Austria</subfield>
    <subfield code="w">UK</subfield>
  </datafield>
  <datafield tag="245" ind1=" " ind2=" ">
    <subfield code="a">
On D-brane -anti D-brane effective actions and their all order bulk singularity  structures</subfield>
  </datafield>
  <datafield tag="260" ind1=" " ind2=" ">
    <subfield code="c">2016-04-01</subfield>
    <subfield code="b">Institute of Physics Publishing/SISSA</subfield>
  </datafield>
  <datafield tag="520" ind1=" " ind2=" ">
    <subfield code="a">All four  point functions of brane anti brane system including their correct all order α′ corrections have been addressed. All five point functions of one closed string Ramond-Ramond (RR), two real  tachyons and either one gauge field or the scalar field in both symmetric and asymmetric pictures  have also been explored.  The entire analysis of  &lt;C−2 A0 T0 T 0> is carried out.  Not only does it  fix the vertex operator of RR in asymmetric picture  and in higher point functions of string theory amplitudes but also it confirms the fact that  there is no  issue of picture dependence of the mixed closed RR, gauge fields,  tachyons and fermion fields in all symmetric or anti symmetric ones. We compute  &lt;C−2 ϕ0 T0 T 0> S-matrix in the presence of a transverse scalar field, two real tachyons  and that reveals two different kinds of bulk singularity structures, involving an infinite number of u-channel gauge field and (u+s′+t′)-channel scalar bulk poles. In order to produce all those bulk singularity structures, we define various couplings  at the level of the effective field theory that involve the mixing term of Chern-Simons  coupling (with C-potential field) and  a covariant derivative of the scalar field that comes from the pull-back of brane. Eventually  we explore their all order α′ corrections in the presence of brane anti brane system where  various remarks will be also pointed out.</subfield>
  </datafield>
  <datafield tag="540" ind1=" " ind2=" ">
    <subfield code="a">CC-BY-3.0</subfield>
    <subfield code="u">http://creativecommons.org/licenses/by/3.0/</subfield>
  </datafield>
  <datafield tag="542" ind1=" " ind2=" ">
    <subfield code="f"></subfield>
  </datafield>
  <datafield tag="591" ind1=" " ind2=" ">
    <subfield code="a">CC:1</subfield>
  </datafield>
  <datafield tag="591" ind1=" " ind2=" ">
    <subfield code="a">Authors:1</subfield>
  </datafield>
  <datafield tag="591" ind1=" " ind2=" ">
    <subfield code="a">SCOAP3:1</subfield>
  </datafield>
  <datafield tag="591" ind1=" " ind2=" ">
    <subfield code="a">Category:1</subfield>
  </datafield>
  <datafield tag="653" ind1="1" ind2=" ">
    <subfield code="a">string theory and cosmology</subfield>
    <subfield code="9">author</subfield>
  </datafield>
  <datafield tag="653" ind1="1" ind2=" ">
    <subfield code="a">supersymmetry and cosmology</subfield>
    <subfield code="9">author</subfield>
  </datafield>
  <datafield tag="773" ind1=" " ind2=" ">
    <subfield code="p">JCAP</subfield>
    <subfield code="v">1604</subfield>
    <subfield code="n">04</subfield>
    <subfield code="c">055</subfield>
    <subfield code="y">2016</subfield>
  </datafield>
  <datafield tag="856" ind1="4" ind2=" ">
    <subfield code="s">618105</subfield>
    <subfield code="u">http://repo.scoap3.org/record/15389/files/fulltext.pdf</subfield>
  </datafield>
  <datafield tag="856" ind1="4" ind2=" ">
    <subfield code="s">88279</subfield>
    <subfield code="u">http://repo.scoap3.org/record/15389/files/fulltext.xml</subfield>
  </datafield>
  <datafield tag="909" ind1="C" ind2="O">
    <subfield code="o">oai:repo.scoap3.org:15389</subfield>
    <subfield code="p">GLOBAL_SET</subfield>
    <subfield code="p">JOURNAL_OF_COSMOLOGY_AND_ASTROPARTICLE_PHYSICS</subfield>
  </datafield>
  <datafield tag="980" ind1=" " ind2=" ">
    <subfield code="a">SCOAP3</subfield>
    <subfield code="b">IOP</subfield>
  </datafield>
</record>