
<record>
  <controlfield tag="001">15364</controlfield>
  <controlfield tag="005">20160426174839.0</controlfield>
  <datafield tag="022" ind1=" " ind2=" ">
    <subfield code="a">1475-7516</subfield>
  </datafield>
  <datafield tag="024" ind1="7" ind2=" ">
    <subfield code="a">10.1088/1475-7516/2016/04/049</subfield>
    <subfield code="2">DOI</subfield>
  </datafield>
  <datafield tag="035" ind1=" " ind2=" ">
    <subfield code="a">1411681</subfield>
    <subfield code="9">INSPIRE</subfield>
  </datafield>
  <datafield tag="037" ind1=" " ind2=" ">
    <subfield code="a">arXiv:1512.08796</subfield>
    <subfield code="9">arXiv</subfield>
  </datafield>
  <datafield tag="100" ind1=" " ind2=" ">
    <subfield code="a">Arhrib, Abdesslam</subfield>
    <subfield code="v">Département de Mathématique,  Faculté des Sciences et Techniques,  Université Abdelmalek Essaadi,   B. 416, Tangier, Morocco</subfield>
    <subfield code="w">Morocco</subfield>
  </datafield>
  <datafield tag="245" ind1=" " ind2=" ">
    <subfield code="a">
Radiative model of neutrino mass with neutrino interacting MeV dark matter</subfield>
  </datafield>
  <datafield tag="260" ind1=" " ind2=" ">
    <subfield code="c">2016-04-01</subfield>
    <subfield code="b">Institute of Physics Publishing/SISSA</subfield>
  </datafield>
  <datafield tag="520" ind1=" " ind2=" ">
    <subfield code="a">We consider the radiative generation of neutrino mass   through the interactions of neutrinos with MeV dark matter.  We   construct a realistic renormalizable model with one scalar doublet   (in additional to the standard model doublet) and one complex   singlet together with three light singlet Majorana fermions, all   transforming under a dark U(1)D symmetry which breaks softly to   Z2.  We study in detail the scalar sector which supports this   specific scenario and its rich phenomenology.</subfield>
  </datafield>
  <datafield tag="540" ind1=" " ind2=" ">
    <subfield code="a">CC-BY-3.0</subfield>
    <subfield code="u">http://creativecommons.org/licenses/by/3.0/</subfield>
  </datafield>
  <datafield tag="542" ind1=" " ind2=" ">
    <subfield code="f"></subfield>
  </datafield>
  <datafield tag="591" ind1=" " ind2=" ">
    <subfield code="a">CC:1</subfield>
  </datafield>
  <datafield tag="591" ind1=" " ind2=" ">
    <subfield code="a">Authors:1</subfield>
  </datafield>
  <datafield tag="591" ind1=" " ind2=" ">
    <subfield code="a">SCOAP3:1</subfield>
  </datafield>
  <datafield tag="591" ind1=" " ind2=" ">
    <subfield code="a">Category:1</subfield>
  </datafield>
  <datafield tag="653" ind1="1" ind2=" ">
    <subfield code="a">dark matter theory</subfield>
    <subfield code="9">author</subfield>
  </datafield>
  <datafield tag="653" ind1="1" ind2=" ">
    <subfield code="a">neutrino properties</subfield>
    <subfield code="9">author</subfield>
  </datafield>
  <datafield tag="653" ind1="1" ind2=" ">
    <subfield code="a">particle physics - cosmology connection</subfield>
    <subfield code="9">author</subfield>
  </datafield>
  <datafield tag="700" ind1=" " ind2=" ">
    <subfield code="a">Bœhm, Céline</subfield>
    <subfield code="v">LAPTH, UMR 5108,  9 chemin de Bellevue, BP 110, 74941 Annecy-Le-Vieux, France</subfield>
    <subfield code="w">France</subfield>
  </datafield>
  <datafield tag="700" ind1=" " ind2=" ">
    <subfield code="a">Ma, Ernest</subfield>
    <subfield code="v">Department of Physics and Astronomy, University of California,  Riverside, California 92521, U.S.A.</subfield>
    <subfield code="w">USA</subfield>
  </datafield>
  <datafield tag="700" ind1=" " ind2=" ">
    <subfield code="a">Yuan, Tzu-Chiang</subfield>
    <subfield code="v">Institute of Physics, Academia Sinica,  Nangang, Taipei 11529, Taiwan</subfield>
    <subfield code="v">Physics Division, National Center for Theoretical Sciences,  Hsinchu, Taiwan</subfield>
    <subfield code="w">Taiwan</subfield>
  </datafield>
  <datafield tag="773" ind1=" " ind2=" ">
    <subfield code="p">JCAP</subfield>
    <subfield code="v">1604</subfield>
    <subfield code="n">04</subfield>
    <subfield code="c">049</subfield>
    <subfield code="y">2016</subfield>
  </datafield>
  <datafield tag="856" ind1="4" ind2=" ">
    <subfield code="s">1089675</subfield>
    <subfield code="u">http://repo.scoap3.org/record/15364/files/fulltext.pdf</subfield>
  </datafield>
  <datafield tag="856" ind1="4" ind2=" ">
    <subfield code="s">82375</subfield>
    <subfield code="u">http://repo.scoap3.org/record/15364/files/fulltext.xml</subfield>
  </datafield>
  <datafield tag="909" ind1="C" ind2="O">
    <subfield code="o">oai:repo.scoap3.org:15364</subfield>
    <subfield code="p">GLOBAL_SET</subfield>
    <subfield code="p">JOURNAL_OF_COSMOLOGY_AND_ASTROPARTICLE_PHYSICS</subfield>
  </datafield>
  <datafield tag="980" ind1=" " ind2=" ">
    <subfield code="a">SCOAP3</subfield>
    <subfield code="b">IOP</subfield>
  </datafield>
</record>