
<record>
  <controlfield tag="001">15316</controlfield>
  <controlfield tag="005">20160421163544.0</controlfield>
  <datafield tag="022" ind1=" " ind2=" ">
    <subfield code="a">1475-7516</subfield>
  </datafield>
  <datafield tag="024" ind1="7" ind2=" ">
    <subfield code="a">10.1088/1475-7516/2016/04/043</subfield>
    <subfield code="2">DOI</subfield>
  </datafield>
  <datafield tag="035" ind1=" " ind2=" ">
    <subfield code="a">1427003</subfield>
    <subfield code="9">INSPIRE</subfield>
  </datafield>
  <datafield tag="037" ind1=" " ind2=" ">
    <subfield code="a">arXiv:1603.03288</subfield>
    <subfield code="9">arXiv</subfield>
  </datafield>
  <datafield tag="100" ind1=" " ind2=" ">
    <subfield code="a">Capozzi, Francesco</subfield>
    <subfield code="v">Dipartimento di Fisica e Astronomia ``Galileo Galilei'',  Via  Marzolo 8, 35131 Padova, Italy</subfield>
    <subfield code="v">INFN—Sezione di Padova,  Via  Marzolo 8, 35131 Padova, Italy</subfield>
    <subfield code="w">Italy</subfield>
  </datafield>
  <datafield tag="245" ind1=" " ind2=" ">
    <subfield code="a">
Self-induced temporal instability from a neutrino antenna</subfield>
  </datafield>
  <datafield tag="260" ind1=" " ind2=" ">
    <subfield code="c">2016-04-01</subfield>
    <subfield code="b">Institute of Physics Publishing/SISSA</subfield>
  </datafield>
  <datafield tag="520" ind1=" " ind2=" ">
    <subfield code="a">It has been recently shown  that the flavor composition of a self-interacting neutrino gas can spontaneously acquire a time-dependent pulsating component during its  flavor evolution.  In this work, we perform a more detailed study of this effect in a model where neutrinos are assumed to be emitted in a two-dimensional plane from an infinite line that acts as a neutrino antenna. We consider several examples with varying matter and neutrino densities and find that temporal instabilities with various frequencies are excited in a cascade. We compare the numerical calculations of the flavor evolution with the predictions of linearized stability analysis of the equations of motion. The results obtained with these two approaches are in good agreement in the linear regime, while a dramatic speed-up of the flavor conversions occurs in the non-linear regime due to the interactions among the different pulsating modes. We show that large flavor conversions can take place if some of the temporal modes are unstable for long enough, and that this can happen even if the matter and neutrino densities are changing, as long as they vary slowly.</subfield>
  </datafield>
  <datafield tag="540" ind1=" " ind2=" ">
    <subfield code="a">CC-BY-3.0</subfield>
    <subfield code="u">http://creativecommons.org/licenses/by/3.0/</subfield>
  </datafield>
  <datafield tag="542" ind1=" " ind2=" ">
    <subfield code="f"></subfield>
  </datafield>
  <datafield tag="591" ind1=" " ind2=" ">
    <subfield code="a">CC:1</subfield>
  </datafield>
  <datafield tag="591" ind1=" " ind2=" ">
    <subfield code="a">Authors:1</subfield>
  </datafield>
  <datafield tag="591" ind1=" " ind2=" ">
    <subfield code="a">SCOAP3:1</subfield>
  </datafield>
  <datafield tag="591" ind1=" " ind2=" ">
    <subfield code="a">Category:1</subfield>
  </datafield>
  <datafield tag="653" ind1="1" ind2=" ">
    <subfield code="a">supernova neutrinos</subfield>
    <subfield code="9">author</subfield>
  </datafield>
  <datafield tag="653" ind1="1" ind2=" ">
    <subfield code="a">neutrino properties</subfield>
    <subfield code="9">author</subfield>
  </datafield>
  <datafield tag="700" ind1=" " ind2=" ">
    <subfield code="a">Dasgupta, Basudeb</subfield>
    <subfield code="v">Tata Institute of Fundamental Research,  Homi Bhabha Road, Mumbai, 400005, India</subfield>
    <subfield code="w">India</subfield>
  </datafield>
  <datafield tag="700" ind1=" " ind2=" ">
    <subfield code="a">Mirizzi, Alessandro</subfield>
    <subfield code="v">Dipartimento Interateneo di Fisica ``Michelangelo Merlin'',  Via Amendola 173, 70126 Bari, Italy</subfield>
    <subfield code="v">INFN—Sezione di Bari,  Via Amendola 173, 70126 Bari, Italy</subfield>
    <subfield code="w">Italy</subfield>
  </datafield>
  <datafield tag="773" ind1=" " ind2=" ">
    <subfield code="p">JCAP</subfield>
    <subfield code="v">1604</subfield>
    <subfield code="n">04</subfield>
    <subfield code="c">043</subfield>
    <subfield code="y">2016</subfield>
  </datafield>
  <datafield tag="856" ind1="4" ind2=" ">
    <subfield code="s">49979</subfield>
    <subfield code="u">http://repo.scoap3.org/record/15316/files/fulltext.xml</subfield>
  </datafield>
  <datafield tag="856" ind1="4" ind2=" ">
    <subfield code="s">6157327</subfield>
    <subfield code="u">http://repo.scoap3.org/record/15316/files/fulltext.pdf</subfield>
  </datafield>
  <datafield tag="909" ind1="C" ind2="O">
    <subfield code="o">oai:repo.scoap3.org:15316</subfield>
    <subfield code="p">GLOBAL_SET</subfield>
    <subfield code="p">JOURNAL_OF_COSMOLOGY_AND_ASTROPARTICLE_PHYSICS</subfield>
  </datafield>
  <datafield tag="980" ind1=" " ind2=" ">
    <subfield code="a">SCOAP3</subfield>
    <subfield code="b">IOP</subfield>
  </datafield>
</record>