
<record>
  <controlfield tag="001">15262</controlfield>
  <controlfield tag="005">20160418174222.0</controlfield>
  <datafield tag="022" ind1=" " ind2=" ">
    <subfield code="a">1475-7516</subfield>
  </datafield>
  <datafield tag="024" ind1="7" ind2=" ">
    <subfield code="a">10.1088/1475-7516/2016/04/035</subfield>
    <subfield code="2">DOI</subfield>
  </datafield>
  <datafield tag="035" ind1=" " ind2=" ">
    <subfield code="a">1425664</subfield>
    <subfield code="9">INSPIRE</subfield>
  </datafield>
  <datafield tag="037" ind1=" " ind2=" ">
    <subfield code="a">arXiv:1603.00602</subfield>
    <subfield code="9">arXiv</subfield>
  </datafield>
  <datafield tag="100" ind1=" " ind2=" ">
    <subfield code="a">Ito, Asuka</subfield>
    <subfield code="v">Department of Physics, Kobe University,  Kobe 657-8501, Japan</subfield>
    <subfield code="w">Japan</subfield>
  </datafield>
  <datafield tag="245" ind1=" " ind2=" ">
    <subfield code="a">
MHz gravitational waves from short-term anisotropic inflation</subfield>
  </datafield>
  <datafield tag="260" ind1=" " ind2=" ">
    <subfield code="c">2016-04-01</subfield>
    <subfield code="b">Institute of Physics Publishing/SISSA</subfield>
  </datafield>
  <datafield tag="520" ind1=" " ind2=" ">
    <subfield code="a">We reveal the universality of short-term anisotropic   inflation. As a demonstration, we study inflation with an   exponential type gauge kinetic function which is ubiquitous in   models obtained by dimensional reduction from higher dimensional   fundamental theory.  It turns out that an anisotropic inflation   universally takes place in the later stage of conventional   inflation.  Remarkably, we find that primordial gravitational waves   with a peak amplitude around 10−26∼ 10−27 are copiously   produced in high-frequency bands 10 MHz∼100 MHz.  If we could   detect such gravitational waves in future, we would be able to probe   higher dimensional fundamental theory.</subfield>
  </datafield>
  <datafield tag="540" ind1=" " ind2=" ">
    <subfield code="a">CC-BY-3.0</subfield>
    <subfield code="u">http://creativecommons.org/licenses/by/3.0/</subfield>
  </datafield>
  <datafield tag="542" ind1=" " ind2=" ">
    <subfield code="f"></subfield>
  </datafield>
  <datafield tag="591" ind1=" " ind2=" ">
    <subfield code="a">CC:1</subfield>
  </datafield>
  <datafield tag="591" ind1=" " ind2=" ">
    <subfield code="a">Authors:1</subfield>
  </datafield>
  <datafield tag="591" ind1=" " ind2=" ">
    <subfield code="a">SCOAP3:1</subfield>
  </datafield>
  <datafield tag="591" ind1=" " ind2=" ">
    <subfield code="a">Category:1</subfield>
  </datafield>
  <datafield tag="653" ind1="1" ind2=" ">
    <subfield code="a">inflation</subfield>
    <subfield code="9">author</subfield>
  </datafield>
  <datafield tag="653" ind1="1" ind2=" ">
    <subfield code="a">primordial gravitational waves  (theory)</subfield>
    <subfield code="9">author</subfield>
  </datafield>
  <datafield tag="700" ind1=" " ind2=" ">
    <subfield code="a">Soda, Jiro</subfield>
    <subfield code="v">Department of Physics, Kobe University,  Kobe 657-8501, Japan</subfield>
    <subfield code="w">Japan</subfield>
  </datafield>
  <datafield tag="773" ind1=" " ind2=" ">
    <subfield code="p">JCAP</subfield>
    <subfield code="v">1604</subfield>
    <subfield code="n">04</subfield>
    <subfield code="c">035</subfield>
    <subfield code="y">2016</subfield>
  </datafield>
  <datafield tag="856" ind1="4" ind2=" ">
    <subfield code="s">61285</subfield>
    <subfield code="u">http://repo.scoap3.org/record/15262/files/fulltext.xml</subfield>
  </datafield>
  <datafield tag="856" ind1="4" ind2=" ">
    <subfield code="s">738740</subfield>
    <subfield code="u">http://repo.scoap3.org/record/15262/files/fulltext.pdf</subfield>
  </datafield>
  <datafield tag="909" ind1="C" ind2="O">
    <subfield code="o">oai:repo.scoap3.org:15262</subfield>
    <subfield code="p">GLOBAL_SET</subfield>
    <subfield code="p">JOURNAL_OF_COSMOLOGY_AND_ASTROPARTICLE_PHYSICS</subfield>
  </datafield>
  <datafield tag="980" ind1=" " ind2=" ">
    <subfield code="a">SCOAP3</subfield>
    <subfield code="b">IOP</subfield>
  </datafield>
</record>