
<record>
  <controlfield tag="001">15261</controlfield>
  <controlfield tag="005">20160418174221.0</controlfield>
  <datafield tag="022" ind1=" " ind2=" ">
    <subfield code="a">1475-7516</subfield>
  </datafield>
  <datafield tag="024" ind1="7" ind2=" ">
    <subfield code="a">10.1088/1475-7516/2016/04/037</subfield>
    <subfield code="2">DOI</subfield>
  </datafield>
  <datafield tag="035" ind1=" " ind2=" ">
    <subfield code="a">1385117</subfield>
    <subfield code="9">INSPIRE</subfield>
  </datafield>
  <datafield tag="037" ind1=" " ind2=" ">
    <subfield code="a">arXiv:1507.07008</subfield>
    <subfield code="9">arXiv</subfield>
  </datafield>
  <datafield tag="100" ind1=" " ind2=" ">
    <subfield code="a">Bertone, Gianfranco</subfield>
    <subfield code="v">GRAPPA, University of Amsterdam,  Science Park 904, 1090 GL Amsterdam, Netherlands</subfield>
    <subfield code="w">Netherlands</subfield>
  </datafield>
  <datafield tag="245" ind1=" " ind2=" ">
    <subfield code="a">
Global analysis of the pMSSM in light of the Fermi GeV excess: prospects for the LHC Run-II and astroparticle experiments</subfield>
  </datafield>
  <datafield tag="260" ind1=" " ind2=" ">
    <subfield code="c">2016-04-01</subfield>
    <subfield code="b">Institute of Physics Publishing/SISSA</subfield>
  </datafield>
  <datafield tag="520" ind1=" " ind2=" ">
    <subfield code="a">We present a new global fit of the 19-dimensional phenomenological Minimal Supersymmetric Standard Model (pMSSM-19) that complies with all the latest experimental results from dark matter indirect, direct and accelerator dark matter searches. We show that the model provides a satisfactory explanation of the excess of gamma rays from the Galactic centre observed by the Fermi Large Area Telescope, assuming that it is produced by the annihilation of neutralinos in the Milky Way halo. We identify two regions that pass all the constraints: the first corresponds to neutralinos with a mass 0∼ 80−10 GeV annihilating into WW with a branching ratio of 95%; the second to heavier neutralinos, with mass 0∼ 180−20 GeV annihilating into t̄t with a branching ratio of 87%. We show that neutralinos compatible with the Galactic centre GeV excess will soon be within the reach of LHC run-II—notably through searches for charginos and neutralinos, squarks and light smuons—and of Xenon1T, thanks to its unprecedented sensitivity to spin-dependent cross-section off neutrons.</subfield>
  </datafield>
  <datafield tag="540" ind1=" " ind2=" ">
    <subfield code="a">CC-BY-3.0</subfield>
    <subfield code="u">http://creativecommons.org/licenses/by/3.0/</subfield>
  </datafield>
  <datafield tag="542" ind1=" " ind2=" ">
    <subfield code="f"></subfield>
  </datafield>
  <datafield tag="591" ind1=" " ind2=" ">
    <subfield code="a">CC:1</subfield>
  </datafield>
  <datafield tag="591" ind1=" " ind2=" ">
    <subfield code="a">Authors:1</subfield>
  </datafield>
  <datafield tag="591" ind1=" " ind2=" ">
    <subfield code="a">SCOAP3:1</subfield>
  </datafield>
  <datafield tag="591" ind1=" " ind2=" ">
    <subfield code="a">Category:1</subfield>
  </datafield>
  <datafield tag="653" ind1="1" ind2=" ">
    <subfield code="a">dark matter detectors</subfield>
    <subfield code="9">author</subfield>
  </datafield>
  <datafield tag="653" ind1="1" ind2=" ">
    <subfield code="a">dark matter theory</subfield>
    <subfield code="9">author</subfield>
  </datafield>
  <datafield tag="653" ind1="1" ind2=" ">
    <subfield code="a">gamma ray experiments</subfield>
    <subfield code="9">author</subfield>
  </datafield>
  <datafield tag="653" ind1="1" ind2=" ">
    <subfield code="a">supersymmetry and cosmology</subfield>
    <subfield code="9">author</subfield>
  </datafield>
  <datafield tag="700" ind1=" " ind2=" ">
    <subfield code="a">Calore, Francesca</subfield>
    <subfield code="v">GRAPPA, University of Amsterdam,  Science Park 904, 1090 GL Amsterdam, Netherlands</subfield>
    <subfield code="w">Netherlands</subfield>
  </datafield>
  <datafield tag="700" ind1=" " ind2=" ">
    <subfield code="a">Caron, Sascha</subfield>
    <subfield code="v">IMAPP, Radboud University Nijmegen,  P.O. Box 9010, NL-6500 GL Nijmegen, The Netherlands</subfield>
    <subfield code="v">Nikhef,  Science Park 105, 1098XG Amsterdam, The Netherlands</subfield>
    <subfield code="w">Netherlands</subfield>
  </datafield>
  <datafield tag="700" ind1=" " ind2=" ">
    <subfield code="a">Ruiz, Roberto</subfield>
    <subfield code="v">Instituto de Física Corpuscular, IFIC-UV/CSIC, University of Valencia,  Apartado 22085, E-46071 València, Spain</subfield>
    <subfield code="w">Spain</subfield>
  </datafield>
  <datafield tag="700" ind1=" " ind2=" ">
    <subfield code="a">Kim, Jong Soo</subfield>
    <subfield code="v">Instituto de Física Teórica UAM/CSIC, Universidad Autónoma de Madrid,  Cantoblanco, E-28049, Madrid, Spain</subfield>
    <subfield code="w">Spain</subfield>
  </datafield>
  <datafield tag="700" ind1=" " ind2=" ">
    <subfield code="a">Trotta, Roberto</subfield>
    <subfield code="v">Imperial Centre for Inference and Cosmology,  Imperial College London, Blackett Laboratory,  Prince Consort Road, London SW7 2AZ, U.K.</subfield>
    <subfield code="v">Data Science Institute, William Penney Laboratory, Imperial College London,  London SW7 2AZ, U.K.</subfield>
    <subfield code="w">UK</subfield>
  </datafield>
  <datafield tag="700" ind1=" " ind2=" ">
    <subfield code="a">Weniger, Christoph</subfield>
    <subfield code="v">GRAPPA, University of Amsterdam,  Science Park 904, 1090 GL Amsterdam, Netherlands</subfield>
    <subfield code="w">Netherlands</subfield>
  </datafield>
  <datafield tag="773" ind1=" " ind2=" ">
    <subfield code="p">JCAP</subfield>
    <subfield code="v">1604</subfield>
    <subfield code="n">04</subfield>
    <subfield code="c">037</subfield>
    <subfield code="y">2016</subfield>
  </datafield>
  <datafield tag="856" ind1="4" ind2=" ">
    <subfield code="s">4961647</subfield>
    <subfield code="u">http://repo.scoap3.org/record/15261/files/fulltext.pdf</subfield>
  </datafield>
  <datafield tag="856" ind1="4" ind2=" ">
    <subfield code="s">67608</subfield>
    <subfield code="u">http://repo.scoap3.org/record/15261/files/fulltext.xml</subfield>
  </datafield>
  <datafield tag="909" ind1="C" ind2="O">
    <subfield code="o">oai:repo.scoap3.org:15261</subfield>
    <subfield code="p">GLOBAL_SET</subfield>
    <subfield code="p">JOURNAL_OF_COSMOLOGY_AND_ASTROPARTICLE_PHYSICS</subfield>
  </datafield>
  <datafield tag="980" ind1=" " ind2=" ">
    <subfield code="a">SCOAP3</subfield>
    <subfield code="b">IOP</subfield>
  </datafield>
</record>