
<record>
  <controlfield tag="001">15188</controlfield>
  <controlfield tag="005">20160523151711.0</controlfield>
  <datafield tag="022" ind1=" " ind2=" ">
    <subfield code="a">1475-7516</subfield>
  </datafield>
  <datafield tag="024" ind1="7" ind2=" ">
    <subfield code="2">DOI</subfield>
    <subfield code="a">10.1088/1475-7516/2016/04/022</subfield>
    <subfield code="t">2016-04-12T18:05:01Z</subfield>
  </datafield>
  <datafield tag="035" ind1=" " ind2=" ">
    <subfield code="9">INSPIRE</subfield>
    <subfield code="a">1413075</subfield>
  </datafield>
  <datafield tag="037" ind1=" " ind2=" ">
    <subfield code="9">arXiv</subfield>
    <subfield code="a">arXiv:1601.00653</subfield>
  </datafield>
  <datafield tag="100" ind1=" " ind2=" ">
    <subfield code="a">Aartsen, M.G.</subfield>
    <subfield code="v">Department of Physics, University of Adelaide,  Adelaide, 5005 Australia</subfield>
    <subfield code="w">Australia</subfield>
  </datafield>
  <datafield tag="245" ind1=" " ind2=" ">
    <subfield code="a">Improved limits on dark matter annihilation in the Sun with the 79-string IceCube detector and implications for supersymmetry</subfield>
  </datafield>
  <datafield tag="260" ind1=" " ind2=" ">
    <subfield code="b">Institute of Physics Publishing/SISSA</subfield>
    <subfield code="c">2016-04-01</subfield>
  </datafield>
  <datafield tag="520" ind1=" " ind2=" ">
    <subfield code="a">We present an improved event-level likelihood formalism for including neutrino telescope data in global fits to new physics. We derive limits on spin-dependent dark matter-proton scattering by employing the new formalism in a re-analysis of data from the 79-string IceCube search for dark matter annihilation in the Sun, including explicit energy information for each event.  The new analysis excludes a number of models in the weak-scale minimal supersymmetric standard model (MSSM) for the first time.  This work is accompanied by the public release of the 79-string IceCube data, as well as an associated computer code for applying the new likelihood to arbitrary dark matter models.</subfield>
  </datafield>
  <datafield tag="540" ind1=" " ind2=" ">
    <subfield code="a">CC-BY-3.0</subfield>
    <subfield code="u">http://creativecommons.org/licenses/by/3.0/</subfield>
  </datafield>
  <datafield tag="591" ind1=" " ind2=" ">
    <subfield code="a">CC:1</subfield>
  </datafield>
  <datafield tag="591" ind1=" " ind2=" ">
    <subfield code="a">Authors:1</subfield>
  </datafield>
  <datafield tag="591" ind1=" " ind2=" ">
    <subfield code="a">SCOAP3:1</subfield>
  </datafield>
  <datafield tag="591" ind1=" " ind2=" ">
    <subfield code="a">Category:1</subfield>
  </datafield>
  <datafield tag="653" ind1="1" ind2=" ">
    <subfield code="9">author</subfield>
    <subfield code="a">dark matter experiments</subfield>
  </datafield>
  <datafield tag="653" ind1="1" ind2=" ">
    <subfield code="9">author</subfield>
    <subfield code="a">dark matter theory</subfield>
  </datafield>
  <datafield tag="653" ind1="1" ind2=" ">
    <subfield code="9">author</subfield>
    <subfield code="a">neutrino experiments</subfield>
  </datafield>
  <datafield tag="700" ind1=" " ind2=" ">
    <subfield code="a">Abraham, K.</subfield>
    <subfield code="v">Technische Universität München,   Garching, D-85748 Germany</subfield>
    <subfield code="w">Germany</subfield>
  </datafield>
  <datafield tag="700" ind1=" " ind2=" ">
    <subfield code="a">Ackermann, M.</subfield>
    <subfield code="v">DESY,  Zeuthen, D-15735  Germany [7pt]\mbox</subfield>
    <subfield code="w">Germany</subfield>
  </datafield>
  <datafield tag="700" ind1=" " ind2=" ">
    <subfield code="a">Adams, J.</subfield>
    <subfield code="v">Dept. of Physics and Astronomy, University of Canterbury,  Private Bag 4800, Christchurch, New Zealand</subfield>
    <subfield code="w">New Zealand</subfield>
  </datafield>
  <datafield tag="700" ind1=" " ind2=" ">
    <subfield code="a">Aguilar, J.A.</subfield>
    <subfield code="v">Université Libre de Bruxelles, Science Faculty CP230,  Brussels, B-1050 Belgium</subfield>
    <subfield code="w">Belgium</subfield>
  </datafield>
  <datafield tag="700" ind1=" " ind2=" ">
    <subfield code="a">Ahlers, M.</subfield>
    <subfield code="v">Dept. of Physics and Wisconsin IceCube Particle Astrophysics Center,  University of Wisconsin, Madison, WI, 53706 U.S.A.</subfield>
    <subfield code="w">USA</subfield>
  </datafield>
  <datafield tag="700" ind1=" " ind2=" ">
    <subfield code="a">Ahrens, M.</subfield>
    <subfield code="v">Oskar Klein Centre and Dept. of Physics, Stockholm University,  Stockholm, SE-10691 Sweden</subfield>
    <subfield code="w">Sweden</subfield>
  </datafield>
  <datafield tag="700" ind1=" " ind2=" ">
    <subfield code="a">Altmann, D.</subfield>
    <subfield code="v">Erlangen Centre for Astroparticle Physics,  Friedrich-Alexander-Universität Erlangen-Nürnberg,  Erlangen, D-91058  Germany</subfield>
    <subfield code="w">Germany</subfield>
  </datafield>
  <datafield tag="700" ind1=" " ind2=" ">
    <subfield code="a">Anderson, T.</subfield>
    <subfield code="v">Dept. of Physics, Pennsylvania State University,  University Park, PA, 16802 U.S.A.</subfield>
    <subfield code="w">USA</subfield>
  </datafield>
  <datafield tag="700" ind1=" " ind2=" ">
    <subfield code="a">Ansseau, I.</subfield>
    <subfield code="v">Université Libre de Bruxelles, Science Faculty CP230,  Brussels, B-1050 Belgium</subfield>
    <subfield code="w">Belgium</subfield>
  </datafield>
  <datafield tag="700" ind1=" " ind2=" ">
    <subfield code="a">Anton, G.</subfield>
    <subfield code="v">Erlangen Centre for Astroparticle Physics,  Friedrich-Alexander-Universität Erlangen-Nürnberg,  Erlangen, D-91058  Germany</subfield>
    <subfield code="w">Germany</subfield>
  </datafield>
  <datafield tag="700" ind1=" " ind2=" ">
    <subfield code="a">Archinger, M.</subfield>
    <subfield code="v">Institute of Physics, University of Mainz,  Staudinger Weg 7,  Mainz, D-55099 Germany</subfield>
    <subfield code="w">Germany</subfield>
  </datafield>
  <datafield tag="700" ind1=" " ind2=" ">
    <subfield code="a">Arguelles, C.</subfield>
    <subfield code="v">Dept. of Physics, Massachusetts Institute of Technology,  Cambridge, MA, 02139 U.S.A.</subfield>
    <subfield code="w">USA</subfield>
  </datafield>
  <datafield tag="700" ind1=" " ind2=" ">
    <subfield code="a">Arlen, T.C.</subfield>
    <subfield code="v">Dept. of Physics, Pennsylvania State University,  University Park, PA, 16802 U.S.A.</subfield>
    <subfield code="w">USA</subfield>
  </datafield>
  <datafield tag="700" ind1=" " ind2=" ">
    <subfield code="a">Auffenberg, J.</subfield>
    <subfield code="v">III. Physikalisches Institut, RWTH Aachen University,  Aachen, D-52056  Germany</subfield>
    <subfield code="w">Germany</subfield>
  </datafield>
  <datafield tag="700" ind1=" " ind2=" ">
    <subfield code="a">Bai, X.</subfield>
    <subfield code="v">Physics Department, South Dakota School of Mines and Technology,  Rapid City, SD, 57701 U.S.A.</subfield>
    <subfield code="w">USA</subfield>
  </datafield>
  <datafield tag="700" ind1=" " ind2=" ">
    <subfield code="a">Barwick, S.W.</subfield>
    <subfield code="v">Dept. of Physics and Astronomy, University of California,  Irvine, CA, 92697 U.S.A.</subfield>
    <subfield code="w">USA</subfield>
  </datafield>
  <datafield tag="700" ind1=" " ind2=" ">
    <subfield code="a">Baum, V.</subfield>
    <subfield code="v">Institute of Physics, University of Mainz,  Staudinger Weg 7,  Mainz, D-55099 Germany</subfield>
    <subfield code="w">Germany</subfield>
  </datafield>
  <datafield tag="700" ind1=" " ind2=" ">
    <subfield code="a">Bay, R.</subfield>
    <subfield code="v">Dept. of Physics, University of California,  Berkeley, CA, 94720 U.S.A.</subfield>
    <subfield code="w">USA</subfield>
  </datafield>
  <datafield tag="700" ind1=" " ind2=" ">
    <subfield code="a">Beatty, J.J.</subfield>
    <subfield code="v">Dept. of Physics and Center for Cosmology and Astro-Particle Physics,  Ohio State University, Columbus, OH, 43210 U.S.A.</subfield>
    <subfield code="v">Dept. of Astronomy, Ohio State University,  Columbus, OH, 43210 U.S.A.</subfield>
    <subfield code="w">USA</subfield>
  </datafield>
  <datafield tag="700" ind1=" " ind2=" ">
    <subfield code="a">Tjus, J. Becker</subfield>
    <subfield code="v">Fakultät für Physik &amp; Astronomie, Ruhr-Universität Bochum,   Bochum, D-44780 Germany</subfield>
    <subfield code="w">Germany</subfield>
  </datafield>
  <datafield tag="700" ind1=" " ind2=" ">
    <subfield code="a">Becker, K.-H.</subfield>
    <subfield code="v">Dept. of Physics, University of Wuppertal,  Wuppertal, D-42119 Germany</subfield>
    <subfield code="w">Germany</subfield>
  </datafield>
  <datafield tag="700" ind1=" " ind2=" ">
    <subfield code="a">Beiser, E.</subfield>
    <subfield code="v">Dept. of Physics and Wisconsin IceCube Particle Astrophysics Center,  University of Wisconsin, Madison, WI, 53706 U.S.A.</subfield>
    <subfield code="w">USA</subfield>
  </datafield>
  <datafield tag="700" ind1=" " ind2=" ">
    <subfield code="a">BenZvi, S.</subfield>
    <subfield code="v">Dept. of Physics and Astronomy, University of Rochester,  Rochester, NY, 14627 U.S.A.</subfield>
    <subfield code="w">USA</subfield>
  </datafield>
  <datafield tag="700" ind1=" " ind2=" ">
    <subfield code="a">Berghaus, P.</subfield>
    <subfield code="v">DESY,  Zeuthen, D-15735  Germany [7pt]\mbox</subfield>
    <subfield code="w">Germany</subfield>
  </datafield>
  <datafield tag="700" ind1=" " ind2=" ">
    <subfield code="a">Berley, D.</subfield>
    <subfield code="v">Dept. of Physics, University of Maryland,  College Park, MD, 20742 U.S.A.</subfield>
    <subfield code="w">USA</subfield>
  </datafield>
  <datafield tag="700" ind1=" " ind2=" ">
    <subfield code="a">Bernardini, E.</subfield>
    <subfield code="v">DESY,  Zeuthen, D-15735  Germany [7pt]\mbox</subfield>
    <subfield code="w">Germany</subfield>
  </datafield>
  <datafield tag="700" ind1=" " ind2=" ">
    <subfield code="a">Bernhard, A.</subfield>
    <subfield code="v">Technische Universität München,   Garching, D-85748 Germany</subfield>
    <subfield code="w">Germany</subfield>
  </datafield>
  <datafield tag="700" ind1=" " ind2=" ">
    <subfield code="a">Besson, D.Z.</subfield>
    <subfield code="v">Dept. of Physics and Astronomy, University of Kansas,  Lawrence, KS, 66045 U.S.A.</subfield>
    <subfield code="w">USA</subfield>
  </datafield>
  <datafield tag="700" ind1=" " ind2=" ">
    <subfield code="a">Binder, G.</subfield>
    <subfield code="v">Lawrence Berkeley National Laboratory,  Berkeley, CA, 94720 U.S.A.</subfield>
    <subfield code="v">Dept. of Physics, University of California,  Berkeley, CA, 94720 U.S.A.</subfield>
    <subfield code="w">USA</subfield>
  </datafield>
  <datafield tag="700" ind1=" " ind2=" ">
    <subfield code="a">Bindig, D.</subfield>
    <subfield code="v">Dept. of Physics, University of Wuppertal,  Wuppertal, D-42119 Germany</subfield>
    <subfield code="w">Germany</subfield>
  </datafield>
  <datafield tag="700" ind1=" " ind2=" ">
    <subfield code="a">Bissok, M.</subfield>
    <subfield code="v">III. Physikalisches Institut, RWTH Aachen University,  Aachen, D-52056  Germany</subfield>
    <subfield code="w">Germany</subfield>
  </datafield>
  <datafield tag="700" ind1=" " ind2=" ">
    <subfield code="a">Blaufuss, E.</subfield>
    <subfield code="v">Dept. of Physics, University of Maryland,  College Park, MD, 20742 U.S.A.</subfield>
    <subfield code="w">USA</subfield>
  </datafield>
  <datafield tag="700" ind1=" " ind2=" ">
    <subfield code="a">Blumenthal, J.</subfield>
    <subfield code="v">III. Physikalisches Institut, RWTH Aachen University,  Aachen, D-52056  Germany</subfield>
    <subfield code="w">Germany</subfield>
  </datafield>
  <datafield tag="700" ind1=" " ind2=" ">
    <subfield code="a">Boersma, D.J.</subfield>
    <subfield code="v">Dept. of Physics and Astronomy, Uppsala University,  Box 516, Uppsala, S-75120 Sweden</subfield>
    <subfield code="w">Sweden</subfield>
  </datafield>
  <datafield tag="700" ind1=" " ind2=" ">
    <subfield code="a">Bohm, C.</subfield>
    <subfield code="v">Oskar Klein Centre and Dept. of Physics, Stockholm University,  Stockholm, SE-10691 Sweden</subfield>
    <subfield code="w">Sweden</subfield>
  </datafield>
  <datafield tag="700" ind1=" " ind2=" ">
    <subfield code="a">Börner, M.</subfield>
    <subfield code="v">Dept. of Physics, TU Dortmund University,  Dortmund, D-44221 Germany</subfield>
    <subfield code="w">Germany</subfield>
  </datafield>
  <datafield tag="700" ind1=" " ind2=" ">
    <subfield code="a">Bos, F.</subfield>
    <subfield code="v">Fakultät für Physik &amp; Astronomie, Ruhr-Universität Bochum,   Bochum, D-44780 Germany</subfield>
    <subfield code="w">Germany</subfield>
  </datafield>
  <datafield tag="700" ind1=" " ind2=" ">
    <subfield code="a">Bose, D.</subfield>
    <subfield code="v">Dept. of Physics, Sungkyunkwan University,  Suwon, 440-746 Korea</subfield>
    <subfield code="w">South Korea</subfield>
  </datafield>
  <datafield tag="700" ind1=" " ind2=" ">
    <subfield code="a">Böser, S.</subfield>
    <subfield code="v">Institute of Physics, University of Mainz,  Staudinger Weg 7,  Mainz, D-55099 Germany</subfield>
    <subfield code="w">Germany</subfield>
  </datafield>
  <datafield tag="700" ind1=" " ind2=" ">
    <subfield code="a">Botner, O.</subfield>
    <subfield code="v">Dept. of Physics and Astronomy, Uppsala University,  Box 516, Uppsala, S-75120 Sweden</subfield>
    <subfield code="w">Sweden</subfield>
  </datafield>
  <datafield tag="700" ind1=" " ind2=" ">
    <subfield code="a">Braun, J.</subfield>
    <subfield code="v">Dept. of Physics and Wisconsin IceCube Particle Astrophysics Center,  University of Wisconsin, Madison, WI, 53706 U.S.A.</subfield>
    <subfield code="w">USA</subfield>
  </datafield>
  <datafield tag="700" ind1=" " ind2=" ">
    <subfield code="a">Brayeur, L.</subfield>
    <subfield code="v">Vrije Universiteit Brussel, Dienst ELEM,   Brussels, B-1050 Belgium</subfield>
    <subfield code="w">Belgium</subfield>
  </datafield>
  <datafield tag="700" ind1=" " ind2=" ">
    <subfield code="a">Bretz, H.-P.</subfield>
    <subfield code="v">DESY,  Zeuthen, D-15735  Germany [7pt]\mbox</subfield>
    <subfield code="w">Germany</subfield>
  </datafield>
  <datafield tag="700" ind1=" " ind2=" ">
    <subfield code="a">Buzinsky, N.</subfield>
    <subfield code="v">Dept. of Physics, University of Alberta,  Edmonton, Alberta,  T6G 2E1 Canada</subfield>
    <subfield code="w">Canada</subfield>
  </datafield>
  <datafield tag="700" ind1=" " ind2=" ">
    <subfield code="a">Casey, J.</subfield>
    <subfield code="v">School of Physics and Center for Relativistic Astrophysics, Georgia Institute of Technology,   Atlanta, GA, 30332 U.S.A.</subfield>
    <subfield code="w">Georgia</subfield>
    <subfield code="w">USA</subfield>
  </datafield>
  <datafield tag="700" ind1=" " ind2=" ">
    <subfield code="a">Casier, M.</subfield>
    <subfield code="v">Vrije Universiteit Brussel, Dienst ELEM,   Brussels, B-1050 Belgium</subfield>
    <subfield code="w">Belgium</subfield>
  </datafield>
  <datafield tag="700" ind1=" " ind2=" ">
    <subfield code="a">Cheung, E.</subfield>
    <subfield code="v">Dept. of Physics, University of Maryland,  College Park, MD, 20742 U.S.A.</subfield>
    <subfield code="w">USA</subfield>
  </datafield>
  <datafield tag="700" ind1=" " ind2=" ">
    <subfield code="a">Chirkin, D.</subfield>
    <subfield code="v">Dept. of Physics and Wisconsin IceCube Particle Astrophysics Center,  University of Wisconsin, Madison, WI, 53706 U.S.A.</subfield>
    <subfield code="w">USA</subfield>
  </datafield>
  <datafield tag="700" ind1=" " ind2=" ">
    <subfield code="a">Christov, A.</subfield>
    <subfield code="v">Département de physique nucléaire et corpusculaire, Université de Genève,   Genève, CH-1211 Switzerland</subfield>
    <subfield code="w">Switzerland</subfield>
  </datafield>
  <datafield tag="700" ind1=" " ind2=" ">
    <subfield code="a">Clark, K.</subfield>
    <subfield code="v">Dept. of Physics, University of Toronto,  Toronto, Ontario, M5S 1A7 Canada</subfield>
    <subfield code="w">Canada</subfield>
  </datafield>
  <datafield tag="700" ind1=" " ind2=" ">
    <subfield code="a">Classen, L.</subfield>
    <subfield code="v">Erlangen Centre for Astroparticle Physics,  Friedrich-Alexander-Universität Erlangen-Nürnberg,  Erlangen, D-91058  Germany</subfield>
    <subfield code="w">Germany</subfield>
  </datafield>
  <datafield tag="700" ind1=" " ind2=" ">
    <subfield code="a">Coenders, S.</subfield>
    <subfield code="v">Technische Universität München,   Garching, D-85748 Germany</subfield>
    <subfield code="w">Germany</subfield>
  </datafield>
  <datafield tag="700" ind1=" " ind2=" ">
    <subfield code="a">Collin, G.H.</subfield>
    <subfield code="v">Dept. of Physics, Massachusetts Institute of Technology,  Cambridge, MA, 02139 U.S.A.</subfield>
    <subfield code="w">USA</subfield>
  </datafield>
  <datafield tag="700" ind1=" " ind2=" ">
    <subfield code="a">Conrad, J.M.</subfield>
    <subfield code="v">Dept. of Physics, Massachusetts Institute of Technology,  Cambridge, MA, 02139 U.S.A.</subfield>
    <subfield code="w">USA</subfield>
  </datafield>
  <datafield tag="700" ind1=" " ind2=" ">
    <subfield code="a">Cowen, D.F.</subfield>
    <subfield code="v">Dept. of Physics, Pennsylvania State University,  University Park, PA, 16802 U.S.A.</subfield>
    <subfield code="v">Dept. of Astronomy and Astrophysics, Pennsylvania State University,  University Park, PA, 16802 U.S.A.</subfield>
    <subfield code="w">USA</subfield>
  </datafield>
  <datafield tag="700" ind1=" " ind2=" ">
    <subfield code="a">Silva, A.H. Cruz</subfield>
    <subfield code="v">DESY,  Zeuthen, D-15735  Germany [7pt]\mbox</subfield>
    <subfield code="w">Germany</subfield>
  </datafield>
  <datafield tag="700" ind1=" " ind2=" ">
    <subfield code="a">Danninger, M.</subfield>
    <subfield code="v">Oskar Klein Centre and Dept. of Physics, Stockholm University,  Stockholm, SE-10691 Sweden</subfield>
    <subfield code="v">Current address:  Dept. of Physics and Astronomy, University of British Columbia,  Vancouver, V6T 1Z1 Canada</subfield>
    <subfield code="v">Corresponding authors: P. Scott and M. Danninger, Canada</subfield>
    <subfield code="w">Canada</subfield>
    <subfield code="w">Sweden</subfield>
  </datafield>
  <datafield tag="700" ind1=" " ind2=" ">
    <subfield code="a">Daughhetee, J.</subfield>
    <subfield code="v">School of Physics and Center for Relativistic Astrophysics, Georgia Institute of Technology,   Atlanta, GA, 30332 U.S.A.</subfield>
    <subfield code="w">Georgia</subfield>
    <subfield code="w">USA</subfield>
  </datafield>
  <datafield tag="700" ind1=" " ind2=" ">
    <subfield code="a">Davis, J.C.</subfield>
    <subfield code="v">Dept. of Physics and Center for Cosmology and Astro-Particle Physics,  Ohio State University, Columbus, OH, 43210 U.S.A.</subfield>
    <subfield code="w">USA</subfield>
  </datafield>
  <datafield tag="700" ind1=" " ind2=" ">
    <subfield code="a">Day, M.</subfield>
    <subfield code="v">Dept. of Physics and Wisconsin IceCube Particle Astrophysics Center,  University of Wisconsin, Madison, WI, 53706 U.S.A.</subfield>
    <subfield code="w">USA</subfield>
  </datafield>
  <datafield tag="700" ind1=" " ind2=" ">
    <subfield code="a">de André, J.P.A.M.</subfield>
    <subfield code="v">Dept. of Physics and Astronomy, Michigan State University,  East Lansing, MI, 48824 U.S.A.</subfield>
    <subfield code="w">USA</subfield>
  </datafield>
  <datafield tag="700" ind1=" " ind2=" ">
    <subfield code="a">Clercq, C. De</subfield>
    <subfield code="v">Vrije Universiteit Brussel, Dienst ELEM,   Brussels, B-1050 Belgium</subfield>
    <subfield code="w">Belgium</subfield>
  </datafield>
  <datafield tag="700" ind1=" " ind2=" ">
    <subfield code="a">Rosendo, E. del Pino</subfield>
    <subfield code="v">Institute of Physics, University of Mainz,  Staudinger Weg 7,  Mainz, D-55099 Germany</subfield>
    <subfield code="w">Germany</subfield>
  </datafield>
  <datafield tag="700" ind1=" " ind2=" ">
    <subfield code="a">Dembinski, H.</subfield>
    <subfield code="v">Bartol Research Institute and Dept. of Physics and Astronomy, University of Delaware,  Newark, DE, 19716 U.S.A.</subfield>
    <subfield code="w">USA</subfield>
  </datafield>
  <datafield tag="700" ind1=" " ind2=" ">
    <subfield code="a">Ridder, S. De</subfield>
    <subfield code="v">Dept. of Physics and Astronomy, University of Gent,   Gent, B-9000 Belgium</subfield>
    <subfield code="w">Belgium</subfield>
  </datafield>
  <datafield tag="700" ind1=" " ind2=" ">
    <subfield code="a">Desiati, P.</subfield>
    <subfield code="v">Dept. of Physics and Wisconsin IceCube Particle Astrophysics Center,  University of Wisconsin, Madison, WI, 53706 U.S.A.</subfield>
    <subfield code="w">USA</subfield>
  </datafield>
  <datafield tag="700" ind1=" " ind2=" ">
    <subfield code="a">de Vries, K. D.</subfield>
    <subfield code="v">Vrije Universiteit Brussel, Dienst ELEM,   Brussels, B-1050 Belgium</subfield>
    <subfield code="w">Belgium</subfield>
  </datafield>
  <datafield tag="700" ind1=" " ind2=" ">
    <subfield code="a">de Wasseige, G.</subfield>
    <subfield code="v">Vrije Universiteit Brussel, Dienst ELEM,   Brussels, B-1050 Belgium</subfield>
    <subfield code="w">Belgium</subfield>
  </datafield>
  <datafield tag="700" ind1=" " ind2=" ">
    <subfield code="a">de With, M.</subfield>
    <subfield code="v">Institut für Physik, Humboldt-Universität zu Berlin,  Berlin, D-12489  Germany</subfield>
    <subfield code="w">Germany</subfield>
  </datafield>
  <datafield tag="700" ind1=" " ind2=" ">
    <subfield code="a">DeYoung, T.</subfield>
    <subfield code="v">Dept. of Physics and Astronomy, Michigan State University,  East Lansing, MI, 48824 U.S.A.</subfield>
    <subfield code="w">USA</subfield>
  </datafield>
  <datafield tag="700" ind1=" " ind2=" ">
    <subfield code="a">Díaz-Vélez, J.C.</subfield>
    <subfield code="v">Dept. of Physics and Wisconsin IceCube Particle Astrophysics Center,  University of Wisconsin, Madison, WI, 53706 U.S.A.</subfield>
    <subfield code="w">USA</subfield>
  </datafield>
  <datafield tag="700" ind1=" " ind2=" ">
    <subfield code="a">di Lorenzo, V.</subfield>
    <subfield code="v">Institute of Physics, University of Mainz,  Staudinger Weg 7,  Mainz, D-55099 Germany</subfield>
    <subfield code="w">Germany</subfield>
  </datafield>
  <datafield tag="700" ind1=" " ind2=" ">
    <subfield code="a">Dumm, J.P.</subfield>
    <subfield code="v">Oskar Klein Centre and Dept. of Physics, Stockholm University,  Stockholm, SE-10691 Sweden</subfield>
    <subfield code="w">Sweden</subfield>
  </datafield>
  <datafield tag="700" ind1=" " ind2=" ">
    <subfield code="a">Dunkman, M.</subfield>
    <subfield code="v">Dept. of Physics, Pennsylvania State University,  University Park, PA, 16802 U.S.A.</subfield>
    <subfield code="w">USA</subfield>
  </datafield>
  <datafield tag="700" ind1=" " ind2=" ">
    <subfield code="a">Eberhardt, B.</subfield>
    <subfield code="v">Institute of Physics, University of Mainz,  Staudinger Weg 7,  Mainz, D-55099 Germany</subfield>
    <subfield code="w">Germany</subfield>
  </datafield>
  <datafield tag="700" ind1=" " ind2=" ">
    <subfield code="a">Edsjö, J.</subfield>
    <subfield code="v">Oskar Klein Centre and Dept. of Physics, Stockholm University,  Stockholm, SE-10691 Sweden</subfield>
    <subfield code="w">Sweden</subfield>
  </datafield>
  <datafield tag="700" ind1=" " ind2=" ">
    <subfield code="a">Ehrhardt, T.</subfield>
    <subfield code="v">Institute of Physics, University of Mainz,  Staudinger Weg 7,  Mainz, D-55099 Germany</subfield>
    <subfield code="w">Germany</subfield>
  </datafield>
  <datafield tag="700" ind1=" " ind2=" ">
    <subfield code="a">Eichmann, B.</subfield>
    <subfield code="v">Fakultät für Physik &amp; Astronomie, Ruhr-Universität Bochum,   Bochum, D-44780 Germany</subfield>
    <subfield code="w">Germany</subfield>
  </datafield>
  <datafield tag="700" ind1=" " ind2=" ">
    <subfield code="a">Euler, S.</subfield>
    <subfield code="v">Dept. of Physics and Astronomy, Uppsala University,  Box 516, Uppsala, S-75120 Sweden</subfield>
    <subfield code="w">Sweden</subfield>
  </datafield>
  <datafield tag="700" ind1=" " ind2=" ">
    <subfield code="a">Evenson, P.A.</subfield>
    <subfield code="v">Bartol Research Institute and Dept. of Physics and Astronomy, University of Delaware,  Newark, DE, 19716 U.S.A.</subfield>
    <subfield code="w">USA</subfield>
  </datafield>
  <datafield tag="700" ind1=" " ind2=" ">
    <subfield code="a">Fahey, S.</subfield>
    <subfield code="v">Dept. of Physics and Wisconsin IceCube Particle Astrophysics Center,  University of Wisconsin, Madison, WI, 53706 U.S.A.</subfield>
    <subfield code="w">USA</subfield>
  </datafield>
  <datafield tag="700" ind1=" " ind2=" ">
    <subfield code="a">Fazely, A.R.</subfield>
    <subfield code="v">Dept. of Physics, Southern University,  Baton Rouge, LA, 70813 U.S.A.</subfield>
    <subfield code="w">USA</subfield>
  </datafield>
  <datafield tag="700" ind1=" " ind2=" ">
    <subfield code="a">Feintzeig, J.</subfield>
    <subfield code="v">Dept. of Physics and Wisconsin IceCube Particle Astrophysics Center,  University of Wisconsin, Madison, WI, 53706 U.S.A.</subfield>
    <subfield code="w">USA</subfield>
  </datafield>
  <datafield tag="700" ind1=" " ind2=" ">
    <subfield code="a">Felde, J.</subfield>
    <subfield code="v">Dept. of Physics, University of Maryland,  College Park, MD, 20742 U.S.A.</subfield>
    <subfield code="w">USA</subfield>
  </datafield>
  <datafield tag="700" ind1=" " ind2=" ">
    <subfield code="a">Filimonov, K.</subfield>
    <subfield code="v">Dept. of Physics, University of California,  Berkeley, CA, 94720 U.S.A.</subfield>
    <subfield code="w">USA</subfield>
  </datafield>
  <datafield tag="700" ind1=" " ind2=" ">
    <subfield code="a">Finley, C.</subfield>
    <subfield code="v">Oskar Klein Centre and Dept. of Physics, Stockholm University,  Stockholm, SE-10691 Sweden</subfield>
    <subfield code="w">Sweden</subfield>
  </datafield>
  <datafield tag="700" ind1=" " ind2=" ">
    <subfield code="a">Flis, S.</subfield>
    <subfield code="v">Oskar Klein Centre and Dept. of Physics, Stockholm University,  Stockholm, SE-10691 Sweden</subfield>
    <subfield code="w">Sweden</subfield>
  </datafield>
  <datafield tag="700" ind1=" " ind2=" ">
    <subfield code="a">Fösig, C.-C.</subfield>
    <subfield code="v">Institute of Physics, University of Mainz,  Staudinger Weg 7,  Mainz, D-55099 Germany</subfield>
    <subfield code="w">Germany</subfield>
  </datafield>
  <datafield tag="700" ind1=" " ind2=" ">
    <subfield code="a">Fuchs, T.</subfield>
    <subfield code="v">Dept. of Physics, TU Dortmund University,  Dortmund, D-44221 Germany</subfield>
    <subfield code="w">Germany</subfield>
  </datafield>
  <datafield tag="700" ind1=" " ind2=" ">
    <subfield code="a">Gaisser, T.K.</subfield>
    <subfield code="v">Bartol Research Institute and Dept. of Physics and Astronomy, University of Delaware,  Newark, DE, 19716 U.S.A.</subfield>
    <subfield code="w">USA</subfield>
  </datafield>
  <datafield tag="700" ind1=" " ind2=" ">
    <subfield code="a">Gaior, R.</subfield>
    <subfield code="v">Dept. of Physics, Chiba University,  Chiba, 263-8522 Japan</subfield>
    <subfield code="w">Japan</subfield>
  </datafield>
  <datafield tag="700" ind1=" " ind2=" ">
    <subfield code="a">Gallagher, J.</subfield>
    <subfield code="v">Dept. of Astronomy, University of Wisconsin,  Madison, WI, 53706 U.S.A.</subfield>
    <subfield code="w">USA</subfield>
  </datafield>
  <datafield tag="700" ind1=" " ind2=" ">
    <subfield code="a">Gerhardt, L.</subfield>
    <subfield code="v">Lawrence Berkeley National Laboratory,  Berkeley, CA, 94720 U.S.A.</subfield>
    <subfield code="v">Dept. of Physics, University of California,  Berkeley, CA, 94720 U.S.A.</subfield>
    <subfield code="w">USA</subfield>
  </datafield>
  <datafield tag="700" ind1=" " ind2=" ">
    <subfield code="a">Ghorbani, K.</subfield>
    <subfield code="v">Dept. of Physics and Wisconsin IceCube Particle Astrophysics Center,  University of Wisconsin, Madison, WI, 53706 U.S.A.</subfield>
    <subfield code="w">USA</subfield>
  </datafield>
  <datafield tag="700" ind1=" " ind2=" ">
    <subfield code="a">Gier, D.</subfield>
    <subfield code="v">III. Physikalisches Institut, RWTH Aachen University,  Aachen, D-52056  Germany</subfield>
    <subfield code="w">Germany</subfield>
  </datafield>
  <datafield tag="700" ind1=" " ind2=" ">
    <subfield code="a">Gladstone, L.</subfield>
    <subfield code="v">Dept. of Physics and Wisconsin IceCube Particle Astrophysics Center,  University of Wisconsin, Madison, WI, 53706 U.S.A.</subfield>
    <subfield code="w">USA</subfield>
  </datafield>
  <datafield tag="700" ind1=" " ind2=" ">
    <subfield code="a">Glagla, M.</subfield>
    <subfield code="v">III. Physikalisches Institut, RWTH Aachen University,  Aachen, D-52056  Germany</subfield>
    <subfield code="w">Germany</subfield>
  </datafield>
  <datafield tag="700" ind1=" " ind2=" ">
    <subfield code="a">Glüsenkamp, T.</subfield>
    <subfield code="v">DESY,  Zeuthen, D-15735  Germany [7pt]\mbox</subfield>
    <subfield code="w">Germany</subfield>
  </datafield>
  <datafield tag="700" ind1=" " ind2=" ">
    <subfield code="a">Goldschmidt, A.</subfield>
    <subfield code="v">Lawrence Berkeley National Laboratory,  Berkeley, CA, 94720 U.S.A.</subfield>
    <subfield code="w">USA</subfield>
  </datafield>
  <datafield tag="700" ind1=" " ind2=" ">
    <subfield code="a">Golup, G.</subfield>
    <subfield code="v">Vrije Universiteit Brussel, Dienst ELEM,   Brussels, B-1050 Belgium</subfield>
    <subfield code="w">Belgium</subfield>
  </datafield>
  <datafield tag="700" ind1=" " ind2=" ">
    <subfield code="a">Gonzalez, J.G.</subfield>
    <subfield code="v">Bartol Research Institute and Dept. of Physics and Astronomy, University of Delaware,  Newark, DE, 19716 U.S.A.</subfield>
    <subfield code="w">USA</subfield>
  </datafield>
  <datafield tag="700" ind1=" " ind2=" ">
    <subfield code="a">Góra, D.</subfield>
    <subfield code="v">DESY,  Zeuthen, D-15735  Germany [7pt]\mbox</subfield>
    <subfield code="w">Germany</subfield>
  </datafield>
  <datafield tag="700" ind1=" " ind2=" ">
    <subfield code="a">Grant, D.</subfield>
    <subfield code="v">Dept. of Physics, University of Alberta,  Edmonton, Alberta,  T6G 2E1 Canada</subfield>
    <subfield code="w">Canada</subfield>
  </datafield>
  <datafield tag="700" ind1=" " ind2=" ">
    <subfield code="a">Griffith, Z.</subfield>
    <subfield code="v">Dept. of Physics and Wisconsin IceCube Particle Astrophysics Center,  University of Wisconsin, Madison, WI, 53706 U.S.A.</subfield>
    <subfield code="w">USA</subfield>
  </datafield>
  <datafield tag="700" ind1=" " ind2=" ">
    <subfield code="a">Groß, A.</subfield>
    <subfield code="v">Technische Universität München,   Garching, D-85748 Germany</subfield>
    <subfield code="w">Germany</subfield>
  </datafield>
  <datafield tag="700" ind1=" " ind2=" ">
    <subfield code="a">Ha, C.</subfield>
    <subfield code="v">Lawrence Berkeley National Laboratory,  Berkeley, CA, 94720 U.S.A.</subfield>
    <subfield code="v">Dept. of Physics, University of California,  Berkeley, CA, 94720 U.S.A.</subfield>
    <subfield code="w">USA</subfield>
  </datafield>
  <datafield tag="700" ind1=" " ind2=" ">
    <subfield code="a">Haack, C.</subfield>
    <subfield code="v">III. Physikalisches Institut, RWTH Aachen University,  Aachen, D-52056  Germany</subfield>
    <subfield code="w">Germany</subfield>
  </datafield>
  <datafield tag="700" ind1=" " ind2=" ">
    <subfield code="a">Ismail, A. Haj</subfield>
    <subfield code="v">Dept. of Physics and Astronomy, University of Gent,   Gent, B-9000 Belgium</subfield>
    <subfield code="w">Belgium</subfield>
  </datafield>
  <datafield tag="700" ind1=" " ind2=" ">
    <subfield code="a">Hallgren, A.</subfield>
    <subfield code="v">Dept. of Physics and Astronomy, Uppsala University,  Box 516, Uppsala, S-75120 Sweden</subfield>
    <subfield code="w">Sweden</subfield>
  </datafield>
  <datafield tag="700" ind1=" " ind2=" ">
    <subfield code="a">Halzen, F.</subfield>
    <subfield code="v">Dept. of Physics and Wisconsin IceCube Particle Astrophysics Center,  University of Wisconsin, Madison, WI, 53706 U.S.A.</subfield>
    <subfield code="w">USA</subfield>
  </datafield>
  <datafield tag="700" ind1=" " ind2=" ">
    <subfield code="a">Hansen, E.</subfield>
    <subfield code="v">Niels Bohr Institute, University of Copenhagen,  Copenhagen,  DK-2100  Denmark</subfield>
    <subfield code="w">Denmark</subfield>
  </datafield>
  <datafield tag="700" ind1=" " ind2=" ">
    <subfield code="a">Hansmann, B.</subfield>
    <subfield code="v">III. Physikalisches Institut, RWTH Aachen University,  Aachen, D-52056  Germany</subfield>
    <subfield code="w">Germany</subfield>
  </datafield>
  <datafield tag="700" ind1=" " ind2=" ">
    <subfield code="a">Hanson, K.</subfield>
    <subfield code="v">Dept. of Physics and Wisconsin IceCube Particle Astrophysics Center,  University of Wisconsin, Madison, WI, 53706 U.S.A.</subfield>
    <subfield code="w">USA</subfield>
  </datafield>
  <datafield tag="700" ind1=" " ind2=" ">
    <subfield code="a">Hebecker, D.</subfield>
    <subfield code="v">Institut für Physik, Humboldt-Universität zu Berlin,  Berlin, D-12489  Germany</subfield>
    <subfield code="w">Germany</subfield>
  </datafield>
  <datafield tag="700" ind1=" " ind2=" ">
    <subfield code="a">Heereman, D.</subfield>
    <subfield code="v">Université Libre de Bruxelles, Science Faculty CP230,  Brussels, B-1050 Belgium</subfield>
    <subfield code="w">Belgium</subfield>
  </datafield>
  <datafield tag="700" ind1=" " ind2=" ">
    <subfield code="a">Helbing, K.</subfield>
    <subfield code="v">Dept. of Physics, University of Wuppertal,  Wuppertal, D-42119 Germany</subfield>
    <subfield code="w">Germany</subfield>
  </datafield>
  <datafield tag="700" ind1=" " ind2=" ">
    <subfield code="a">Hellauer, R.</subfield>
    <subfield code="v">Dept. of Physics, University of Maryland,  College Park, MD, 20742 U.S.A.</subfield>
    <subfield code="w">USA</subfield>
  </datafield>
  <datafield tag="700" ind1=" " ind2=" ">
    <subfield code="a">Hickford, S.</subfield>
    <subfield code="v">Dept. of Physics, University of Wuppertal,  Wuppertal, D-42119 Germany</subfield>
    <subfield code="w">Germany</subfield>
  </datafield>
  <datafield tag="700" ind1=" " ind2=" ">
    <subfield code="a">Hignight, J.</subfield>
    <subfield code="v">Dept. of Physics and Astronomy, Michigan State University,  East Lansing, MI, 48824 U.S.A.</subfield>
    <subfield code="w">USA</subfield>
  </datafield>
  <datafield tag="700" ind1=" " ind2=" ">
    <subfield code="a">Hill, G.C.</subfield>
    <subfield code="v">Department of Physics, University of Adelaide,  Adelaide, 5005 Australia</subfield>
    <subfield code="w">Australia</subfield>
  </datafield>
  <datafield tag="700" ind1=" " ind2=" ">
    <subfield code="a">Hoffman, K.D.</subfield>
    <subfield code="v">Dept. of Physics, University of Maryland,  College Park, MD, 20742 U.S.A.</subfield>
    <subfield code="w">USA</subfield>
  </datafield>
  <datafield tag="700" ind1=" " ind2=" ">
    <subfield code="a">Hoffmann, R.</subfield>
    <subfield code="v">Dept. of Physics, University of Wuppertal,  Wuppertal, D-42119 Germany</subfield>
    <subfield code="w">Germany</subfield>
  </datafield>
  <datafield tag="700" ind1=" " ind2=" ">
    <subfield code="a">Holzapfel, K.</subfield>
    <subfield code="v">Technische Universität München,   Garching, D-85748 Germany</subfield>
    <subfield code="w">Germany</subfield>
  </datafield>
  <datafield tag="700" ind1=" " ind2=" ">
    <subfield code="a">Homeier, A.</subfield>
    <subfield code="v">Physikalisches Institut, Universität Bonn,  Nussallee 12, Bonn, D-53115 Germany</subfield>
    <subfield code="w">Germany</subfield>
  </datafield>
  <datafield tag="700" ind1=" " ind2=" ">
    <subfield code="a">Hoshina, K.</subfield>
    <subfield code="v">Dept. of Physics and Wisconsin IceCube Particle Astrophysics Center,  University of Wisconsin, Madison, WI, 53706 U.S.A.</subfield>
    <subfield code="v">Earthquake Research Institute, University of Tokyo,  Bunkyo, Tokyo, 113-0032 Japan</subfield>
    <subfield code="w">Japan</subfield>
    <subfield code="w">USA</subfield>
  </datafield>
  <datafield tag="700" ind1=" " ind2=" ">
    <subfield code="a">Huang, F.</subfield>
    <subfield code="v">Dept. of Physics, Pennsylvania State University,  University Park, PA, 16802 U.S.A.</subfield>
    <subfield code="w">USA</subfield>
  </datafield>
  <datafield tag="700" ind1=" " ind2=" ">
    <subfield code="a">Huber, M.</subfield>
    <subfield code="v">Technische Universität München,   Garching, D-85748 Germany</subfield>
    <subfield code="w">Germany</subfield>
  </datafield>
  <datafield tag="700" ind1=" " ind2=" ">
    <subfield code="a">Huelsnitz, W.</subfield>
    <subfield code="v">Dept. of Physics, University of Maryland,  College Park, MD, 20742 U.S.A.</subfield>
    <subfield code="w">USA</subfield>
  </datafield>
  <datafield tag="700" ind1=" " ind2=" ">
    <subfield code="a">Hulth, P.O.</subfield>
    <subfield code="v">Oskar Klein Centre and Dept. of Physics, Stockholm University,  Stockholm, SE-10691 Sweden</subfield>
    <subfield code="w">Sweden</subfield>
  </datafield>
  <datafield tag="700" ind1=" " ind2=" ">
    <subfield code="a">Hultqvist, K.</subfield>
    <subfield code="v">Oskar Klein Centre and Dept. of Physics, Stockholm University,  Stockholm, SE-10691 Sweden</subfield>
    <subfield code="w">Sweden</subfield>
  </datafield>
  <datafield tag="700" ind1=" " ind2=" ">
    <subfield code="a">In, S.</subfield>
    <subfield code="v">Dept. of Physics, Sungkyunkwan University,  Suwon, 440-746 Korea</subfield>
    <subfield code="w">South Korea</subfield>
  </datafield>
  <datafield tag="700" ind1=" " ind2=" ">
    <subfield code="a">Ishihara, A.</subfield>
    <subfield code="v">Dept. of Physics, Chiba University,  Chiba, 263-8522 Japan</subfield>
    <subfield code="w">Japan</subfield>
  </datafield>
  <datafield tag="700" ind1=" " ind2=" ">
    <subfield code="a">Jacobi, E.</subfield>
    <subfield code="v">DESY,  Zeuthen, D-15735  Germany [7pt]\mbox</subfield>
    <subfield code="w">Germany</subfield>
  </datafield>
  <datafield tag="700" ind1=" " ind2=" ">
    <subfield code="a">Japaridze, G.S.</subfield>
    <subfield code="v">CTSPS, Clark-Atlanta University,  Atlanta, GA, 30314 U.S.A.</subfield>
    <subfield code="w">USA</subfield>
  </datafield>
  <datafield tag="700" ind1=" " ind2=" ">
    <subfield code="a">Jeong, M.</subfield>
    <subfield code="v">Dept. of Physics, Sungkyunkwan University,  Suwon, 440-746 Korea</subfield>
    <subfield code="w">South Korea</subfield>
  </datafield>
  <datafield tag="700" ind1=" " ind2=" ">
    <subfield code="a">Jero, K.</subfield>
    <subfield code="v">Dept. of Physics and Wisconsin IceCube Particle Astrophysics Center,  University of Wisconsin, Madison, WI, 53706 U.S.A.</subfield>
    <subfield code="w">USA</subfield>
  </datafield>
  <datafield tag="700" ind1=" " ind2=" ">
    <subfield code="a">Jones, B.J.P.</subfield>
    <subfield code="v">Dept. of Physics, Massachusetts Institute of Technology,  Cambridge, MA, 02139 U.S.A.</subfield>
    <subfield code="w">USA</subfield>
  </datafield>
  <datafield tag="700" ind1=" " ind2=" ">
    <subfield code="a">Jurkovic, M.</subfield>
    <subfield code="v">Technische Universität München,   Garching, D-85748 Germany</subfield>
    <subfield code="w">Germany</subfield>
  </datafield>
  <datafield tag="700" ind1=" " ind2=" ">
    <subfield code="a">Kappes, A.</subfield>
    <subfield code="v">Erlangen Centre for Astroparticle Physics,  Friedrich-Alexander-Universität Erlangen-Nürnberg,  Erlangen, D-91058  Germany</subfield>
    <subfield code="w">Germany</subfield>
  </datafield>
  <datafield tag="700" ind1=" " ind2=" ">
    <subfield code="a">Karg, T.</subfield>
    <subfield code="v">DESY,  Zeuthen, D-15735  Germany [7pt]\mbox</subfield>
    <subfield code="w">Germany</subfield>
  </datafield>
  <datafield tag="700" ind1=" " ind2=" ">
    <subfield code="a">Karle, A.</subfield>
    <subfield code="v">Dept. of Physics and Wisconsin IceCube Particle Astrophysics Center,  University of Wisconsin, Madison, WI, 53706 U.S.A.</subfield>
    <subfield code="w">USA</subfield>
  </datafield>
  <datafield tag="700" ind1=" " ind2=" ">
    <subfield code="a">Katz, U.</subfield>
    <subfield code="v">Erlangen Centre for Astroparticle Physics,  Friedrich-Alexander-Universität Erlangen-Nürnberg,  Erlangen, D-91058  Germany</subfield>
    <subfield code="w">Germany</subfield>
  </datafield>
  <datafield tag="700" ind1=" " ind2=" ">
    <subfield code="a">Kauer, M.</subfield>
    <subfield code="v">Dept. of Physics and Wisconsin IceCube Particle Astrophysics Center,  University of Wisconsin, Madison, WI, 53706 U.S.A.</subfield>
    <subfield code="v">Dept. of Physics, Yale University,  New Haven, CT, 06520 U.S.A.</subfield>
    <subfield code="w">USA</subfield>
  </datafield>
  <datafield tag="700" ind1=" " ind2=" ">
    <subfield code="a">Keivani, A.</subfield>
    <subfield code="v">Dept. of Physics, Pennsylvania State University,  University Park, PA, 16802 U.S.A.</subfield>
    <subfield code="w">USA</subfield>
  </datafield>
  <datafield tag="700" ind1=" " ind2=" ">
    <subfield code="a">Kelley, J.L.</subfield>
    <subfield code="v">Dept. of Physics and Wisconsin IceCube Particle Astrophysics Center,  University of Wisconsin, Madison, WI, 53706 U.S.A.</subfield>
    <subfield code="w">USA</subfield>
  </datafield>
  <datafield tag="700" ind1=" " ind2=" ">
    <subfield code="a">Kemp, J.</subfield>
    <subfield code="v">III. Physikalisches Institut, RWTH Aachen University,  Aachen, D-52056  Germany</subfield>
    <subfield code="w">Germany</subfield>
  </datafield>
  <datafield tag="700" ind1=" " ind2=" ">
    <subfield code="a">Kheirandish, A.</subfield>
    <subfield code="v">Dept. of Physics and Wisconsin IceCube Particle Astrophysics Center,  University of Wisconsin, Madison, WI, 53706 U.S.A.</subfield>
    <subfield code="w">USA</subfield>
  </datafield>
  <datafield tag="700" ind1=" " ind2=" ">
    <subfield code="a">Kiryluk, J.</subfield>
    <subfield code="v">Dept. of Physics and Astronomy, Stony Brook University,  Stony Brook, NY, 11794-3800 U.S.A.</subfield>
    <subfield code="w">USA</subfield>
  </datafield>
  <datafield tag="700" ind1=" " ind2=" ">
    <subfield code="a">Klein, S.R.</subfield>
    <subfield code="v">Lawrence Berkeley National Laboratory,  Berkeley, CA, 94720 U.S.A.</subfield>
    <subfield code="v">Dept. of Physics, University of California,  Berkeley, CA, 94720 U.S.A.</subfield>
    <subfield code="w">USA</subfield>
  </datafield>
  <datafield tag="700" ind1=" " ind2=" ">
    <subfield code="a">Kohnen, G.</subfield>
    <subfield code="v">Université de Mons,  Mons, 7000 Belgium</subfield>
    <subfield code="w">Belgium</subfield>
  </datafield>
  <datafield tag="700" ind1=" " ind2=" ">
    <subfield code="a">Koirala, R.</subfield>
    <subfield code="v">Bartol Research Institute and Dept. of Physics and Astronomy, University of Delaware,  Newark, DE, 19716 U.S.A.</subfield>
    <subfield code="w">USA</subfield>
  </datafield>
  <datafield tag="700" ind1=" " ind2=" ">
    <subfield code="a">Kolanoski, H.</subfield>
    <subfield code="v">Institut für Physik, Humboldt-Universität zu Berlin,  Berlin, D-12489  Germany</subfield>
    <subfield code="w">Germany</subfield>
  </datafield>
  <datafield tag="700" ind1=" " ind2=" ">
    <subfield code="a">Konietz, R.</subfield>
    <subfield code="v">III. Physikalisches Institut, RWTH Aachen University,  Aachen, D-52056  Germany</subfield>
    <subfield code="w">Germany</subfield>
  </datafield>
  <datafield tag="700" ind1=" " ind2=" ">
    <subfield code="a">Köpke, L.</subfield>
    <subfield code="v">Institute of Physics, University of Mainz,  Staudinger Weg 7,  Mainz, D-55099 Germany</subfield>
    <subfield code="w">Germany</subfield>
  </datafield>
  <datafield tag="700" ind1=" " ind2=" ">
    <subfield code="a">Kopper, C.</subfield>
    <subfield code="v">Dept. of Physics, University of Alberta,  Edmonton, Alberta,  T6G 2E1 Canada</subfield>
    <subfield code="w">Canada</subfield>
  </datafield>
  <datafield tag="700" ind1=" " ind2=" ">
    <subfield code="a">Kopper, S.</subfield>
    <subfield code="v">Dept. of Physics, University of Wuppertal,  Wuppertal, D-42119 Germany</subfield>
    <subfield code="w">Germany</subfield>
  </datafield>
  <datafield tag="700" ind1=" " ind2=" ">
    <subfield code="a">Koskinen, D.J.</subfield>
    <subfield code="v">Niels Bohr Institute, University of Copenhagen,  Copenhagen,  DK-2100  Denmark</subfield>
    <subfield code="w">Denmark</subfield>
  </datafield>
  <datafield tag="700" ind1=" " ind2=" ">
    <subfield code="a">Kowalski, M.</subfield>
    <subfield code="v">Institut für Physik, Humboldt-Universität zu Berlin,  Berlin, D-12489  Germany</subfield>
    <subfield code="v">DESY,  Zeuthen, D-15735  Germany [7pt]\mbox</subfield>
    <subfield code="w">Germany</subfield>
  </datafield>
  <datafield tag="700" ind1=" " ind2=" ">
    <subfield code="a">Krings, K.</subfield>
    <subfield code="v">Technische Universität München,   Garching, D-85748 Germany</subfield>
    <subfield code="w">Germany</subfield>
  </datafield>
  <datafield tag="700" ind1=" " ind2=" ">
    <subfield code="a">Kroll, G.</subfield>
    <subfield code="v">Institute of Physics, University of Mainz,  Staudinger Weg 7,  Mainz, D-55099 Germany</subfield>
    <subfield code="w">Germany</subfield>
  </datafield>
  <datafield tag="700" ind1=" " ind2=" ">
    <subfield code="a">Kroll, M.</subfield>
    <subfield code="v">Fakultät für Physik &amp; Astronomie, Ruhr-Universität Bochum,   Bochum, D-44780 Germany</subfield>
    <subfield code="w">Germany</subfield>
  </datafield>
  <datafield tag="700" ind1=" " ind2=" ">
    <subfield code="a">Krückl, G.</subfield>
    <subfield code="v">Institute of Physics, University of Mainz,  Staudinger Weg 7,  Mainz, D-55099 Germany</subfield>
    <subfield code="w">Germany</subfield>
  </datafield>
  <datafield tag="700" ind1=" " ind2=" ">
    <subfield code="a">Kunnen, J.</subfield>
    <subfield code="v">Vrije Universiteit Brussel, Dienst ELEM,   Brussels, B-1050 Belgium</subfield>
    <subfield code="w">Belgium</subfield>
  </datafield>
  <datafield tag="700" ind1=" " ind2=" ">
    <subfield code="a">Kurahashi, N.</subfield>
    <subfield code="v">Dept. of Physics, Drexel University,  3141 Chestnut Street, Philadelphia, PA, 19104 U.S.A.</subfield>
    <subfield code="w">USA</subfield>
  </datafield>
  <datafield tag="700" ind1=" " ind2=" ">
    <subfield code="a">Kuwabara, T.</subfield>
    <subfield code="v">Dept. of Physics, Chiba University,  Chiba, 263-8522 Japan</subfield>
    <subfield code="w">Japan</subfield>
  </datafield>
  <datafield tag="700" ind1=" " ind2=" ">
    <subfield code="a">Labare, M.</subfield>
    <subfield code="v">Dept. of Physics and Astronomy, University of Gent,   Gent, B-9000 Belgium</subfield>
    <subfield code="w">Belgium</subfield>
  </datafield>
  <datafield tag="700" ind1=" " ind2=" ">
    <subfield code="a">Lanfranchi, J.L.</subfield>
    <subfield code="v">Dept. of Physics, Pennsylvania State University,  University Park, PA, 16802 U.S.A.</subfield>
    <subfield code="w">USA</subfield>
  </datafield>
  <datafield tag="700" ind1=" " ind2=" ">
    <subfield code="a">Larson, M.J.</subfield>
    <subfield code="v">Niels Bohr Institute, University of Copenhagen,  Copenhagen,  DK-2100  Denmark</subfield>
    <subfield code="w">Denmark</subfield>
  </datafield>
  <datafield tag="700" ind1=" " ind2=" ">
    <subfield code="a">Lesiak-Bzdak, M.</subfield>
    <subfield code="v">Dept. of Physics and Astronomy, Stony Brook University,  Stony Brook, NY, 11794-3800 U.S.A.</subfield>
    <subfield code="w">USA</subfield>
  </datafield>
  <datafield tag="700" ind1=" " ind2=" ">
    <subfield code="a">Leuermann, M.</subfield>
    <subfield code="v">III. Physikalisches Institut, RWTH Aachen University,  Aachen, D-52056  Germany</subfield>
    <subfield code="w">Germany</subfield>
  </datafield>
  <datafield tag="700" ind1=" " ind2=" ">
    <subfield code="a">Leuner, J.</subfield>
    <subfield code="v">III. Physikalisches Institut, RWTH Aachen University,  Aachen, D-52056  Germany</subfield>
    <subfield code="w">Germany</subfield>
  </datafield>
  <datafield tag="700" ind1=" " ind2=" ">
    <subfield code="a">Lu, L.</subfield>
    <subfield code="v">Dept. of Physics, Chiba University,  Chiba, 263-8522 Japan</subfield>
    <subfield code="w">Japan</subfield>
  </datafield>
  <datafield tag="700" ind1=" " ind2=" ">
    <subfield code="a">Lünemann, J.</subfield>
    <subfield code="v">Vrije Universiteit Brussel, Dienst ELEM,   Brussels, B-1050 Belgium</subfield>
    <subfield code="w">Belgium</subfield>
  </datafield>
  <datafield tag="700" ind1=" " ind2=" ">
    <subfield code="a">Madsen, J.</subfield>
    <subfield code="v">Dept. of Physics, University of Wisconsin,  River Falls, WI, 54022 U.S.A.</subfield>
    <subfield code="w">USA</subfield>
  </datafield>
  <datafield tag="700" ind1=" " ind2=" ">
    <subfield code="a">Maggi, G.</subfield>
    <subfield code="v">Vrije Universiteit Brussel, Dienst ELEM,   Brussels, B-1050 Belgium</subfield>
    <subfield code="w">Belgium</subfield>
  </datafield>
  <datafield tag="700" ind1=" " ind2=" ">
    <subfield code="a">Mahn, K.B.M.</subfield>
    <subfield code="v">Dept. of Physics and Astronomy, Michigan State University,  East Lansing, MI, 48824 U.S.A.</subfield>
    <subfield code="w">USA</subfield>
  </datafield>
  <datafield tag="700" ind1=" " ind2=" ">
    <subfield code="a">Mandelartz, M.</subfield>
    <subfield code="v">Fakultät für Physik &amp; Astronomie, Ruhr-Universität Bochum,   Bochum, D-44780 Germany</subfield>
    <subfield code="w">Germany</subfield>
  </datafield>
  <datafield tag="700" ind1=" " ind2=" ">
    <subfield code="a">Maruyama, R.</subfield>
    <subfield code="v">Dept. of Physics, Yale University,  New Haven, CT, 06520 U.S.A.</subfield>
    <subfield code="w">USA</subfield>
  </datafield>
  <datafield tag="700" ind1=" " ind2=" ">
    <subfield code="a">Mase, K.</subfield>
    <subfield code="v">Dept. of Physics, Chiba University,  Chiba, 263-8522 Japan</subfield>
    <subfield code="w">Japan</subfield>
  </datafield>
  <datafield tag="700" ind1=" " ind2=" ">
    <subfield code="a">Matis, H.S.</subfield>
    <subfield code="v">Lawrence Berkeley National Laboratory,  Berkeley, CA, 94720 U.S.A.</subfield>
    <subfield code="w">USA</subfield>
  </datafield>
  <datafield tag="700" ind1=" " ind2=" ">
    <subfield code="a">Maunu, R.</subfield>
    <subfield code="v">Dept. of Physics, University of Maryland,  College Park, MD, 20742 U.S.A.</subfield>
    <subfield code="w">USA</subfield>
  </datafield>
  <datafield tag="700" ind1=" " ind2=" ">
    <subfield code="a">McNally, F.</subfield>
    <subfield code="v">Dept. of Physics and Wisconsin IceCube Particle Astrophysics Center,  University of Wisconsin, Madison, WI, 53706 U.S.A.</subfield>
    <subfield code="w">USA</subfield>
  </datafield>
  <datafield tag="700" ind1=" " ind2=" ">
    <subfield code="a">Meagher, K.</subfield>
    <subfield code="v">Université Libre de Bruxelles, Science Faculty CP230,  Brussels, B-1050 Belgium</subfield>
    <subfield code="w">Belgium</subfield>
  </datafield>
  <datafield tag="700" ind1=" " ind2=" ">
    <subfield code="a">Medici, M.</subfield>
    <subfield code="v">Niels Bohr Institute, University of Copenhagen,  Copenhagen,  DK-2100  Denmark</subfield>
    <subfield code="w">Denmark</subfield>
  </datafield>
  <datafield tag="700" ind1=" " ind2=" ">
    <subfield code="a">Meier, M.</subfield>
    <subfield code="v">Dept. of Physics, TU Dortmund University,  Dortmund, D-44221 Germany</subfield>
    <subfield code="w">Germany</subfield>
  </datafield>
  <datafield tag="700" ind1=" " ind2=" ">
    <subfield code="a">Meli, A.</subfield>
    <subfield code="v">Dept. of Physics and Astronomy, University of Gent,   Gent, B-9000 Belgium</subfield>
    <subfield code="w">Belgium</subfield>
  </datafield>
  <datafield tag="700" ind1=" " ind2=" ">
    <subfield code="a">Menne, T.</subfield>
    <subfield code="v">Dept. of Physics, TU Dortmund University,  Dortmund, D-44221 Germany</subfield>
    <subfield code="w">Germany</subfield>
  </datafield>
  <datafield tag="700" ind1=" " ind2=" ">
    <subfield code="a">Merino, G.</subfield>
    <subfield code="v">Dept. of Physics and Wisconsin IceCube Particle Astrophysics Center,  University of Wisconsin, Madison, WI, 53706 U.S.A.</subfield>
    <subfield code="w">USA</subfield>
  </datafield>
  <datafield tag="700" ind1=" " ind2=" ">
    <subfield code="a">Meures, T.</subfield>
    <subfield code="v">Université Libre de Bruxelles, Science Faculty CP230,  Brussels, B-1050 Belgium</subfield>
    <subfield code="w">Belgium</subfield>
  </datafield>
  <datafield tag="700" ind1=" " ind2=" ">
    <subfield code="a">Miarecki, S.</subfield>
    <subfield code="v">Lawrence Berkeley National Laboratory,  Berkeley, CA, 94720 U.S.A.</subfield>
    <subfield code="v">Dept. of Physics, University of California,  Berkeley, CA, 94720 U.S.A.</subfield>
    <subfield code="w">USA</subfield>
  </datafield>
  <datafield tag="700" ind1=" " ind2=" ">
    <subfield code="a">Middell, E.</subfield>
    <subfield code="v">DESY,  Zeuthen, D-15735  Germany [7pt]\mbox</subfield>
    <subfield code="w">Germany</subfield>
  </datafield>
  <datafield tag="700" ind1=" " ind2=" ">
    <subfield code="a">Mohrmann, L.</subfield>
    <subfield code="v">DESY,  Zeuthen, D-15735  Germany [7pt]\mbox</subfield>
    <subfield code="w">Germany</subfield>
  </datafield>
  <datafield tag="700" ind1=" " ind2=" ">
    <subfield code="a">Montaruli, T.</subfield>
    <subfield code="v">Département de physique nucléaire et corpusculaire, Université de Genève,   Genève, CH-1211 Switzerland</subfield>
    <subfield code="w">Switzerland</subfield>
  </datafield>
  <datafield tag="700" ind1=" " ind2=" ">
    <subfield code="a">Morse, R.</subfield>
    <subfield code="v">Dept. of Physics and Wisconsin IceCube Particle Astrophysics Center,  University of Wisconsin, Madison, WI, 53706 U.S.A.</subfield>
    <subfield code="w">USA</subfield>
  </datafield>
  <datafield tag="700" ind1=" " ind2=" ">
    <subfield code="a">Nahnhauer, R.</subfield>
    <subfield code="v">DESY,  Zeuthen, D-15735  Germany [7pt]\mbox</subfield>
    <subfield code="w">Germany</subfield>
  </datafield>
  <datafield tag="700" ind1=" " ind2=" ">
    <subfield code="a">Naumann, U.</subfield>
    <subfield code="v">Dept. of Physics, University of Wuppertal,  Wuppertal, D-42119 Germany</subfield>
    <subfield code="w">Germany</subfield>
  </datafield>
  <datafield tag="700" ind1=" " ind2=" ">
    <subfield code="a">Neer, G.</subfield>
    <subfield code="v">Dept. of Physics and Astronomy, Michigan State University,  East Lansing, MI, 48824 U.S.A.</subfield>
    <subfield code="w">USA</subfield>
  </datafield>
  <datafield tag="700" ind1=" " ind2=" ">
    <subfield code="a">Niederhausen, H.</subfield>
    <subfield code="v">Dept. of Physics and Astronomy, Stony Brook University,  Stony Brook, NY, 11794-3800 U.S.A.</subfield>
    <subfield code="w">USA</subfield>
  </datafield>
  <datafield tag="700" ind1=" " ind2=" ">
    <subfield code="a">Nowicki, S.C.</subfield>
    <subfield code="v">Dept. of Physics, University of Alberta,  Edmonton, Alberta,  T6G 2E1 Canada</subfield>
    <subfield code="w">Canada</subfield>
  </datafield>
  <datafield tag="700" ind1=" " ind2=" ">
    <subfield code="a">Nygren, D.R.</subfield>
    <subfield code="v">Lawrence Berkeley National Laboratory,  Berkeley, CA, 94720 U.S.A.</subfield>
    <subfield code="w">USA</subfield>
  </datafield>
  <datafield tag="700" ind1=" " ind2=" ">
    <subfield code="a">Pollmann, A. Obertacke</subfield>
    <subfield code="v">Dept. of Physics, University of Wuppertal,  Wuppertal, D-42119 Germany</subfield>
    <subfield code="w">Germany</subfield>
  </datafield>
  <datafield tag="700" ind1=" " ind2=" ">
    <subfield code="a">Olivas, A.</subfield>
    <subfield code="v">Dept. of Physics, University of Maryland,  College Park, MD, 20742 U.S.A.</subfield>
    <subfield code="w">USA</subfield>
  </datafield>
  <datafield tag="700" ind1=" " ind2=" ">
    <subfield code="a">Omairat, A.</subfield>
    <subfield code="v">Dept. of Physics, University of Wuppertal,  Wuppertal, D-42119 Germany</subfield>
    <subfield code="w">Germany</subfield>
  </datafield>
  <datafield tag="700" ind1=" " ind2=" ">
    <subfield code="a">O'Murchadha, A.</subfield>
    <subfield code="v">Université Libre de Bruxelles, Science Faculty CP230,  Brussels, B-1050 Belgium</subfield>
    <subfield code="w">Belgium</subfield>
  </datafield>
  <datafield tag="700" ind1=" " ind2=" ">
    <subfield code="a">Palczewski, T.</subfield>
    <subfield code="v">Dept. of Physics and Astronomy, University of Alabama,  Tuscaloosa, AL, 35487 U.S.A.</subfield>
    <subfield code="w">USA</subfield>
  </datafield>
  <datafield tag="700" ind1=" " ind2=" ">
    <subfield code="a">Pandya, H.</subfield>
    <subfield code="v">Bartol Research Institute and Dept. of Physics and Astronomy, University of Delaware,  Newark, DE, 19716 U.S.A.</subfield>
    <subfield code="w">USA</subfield>
  </datafield>
  <datafield tag="700" ind1=" " ind2=" ">
    <subfield code="a">Pankova, D.V.</subfield>
    <subfield code="v">Dept. of Physics, Pennsylvania State University,  University Park, PA, 16802 U.S.A.</subfield>
    <subfield code="w">USA</subfield>
  </datafield>
  <datafield tag="700" ind1=" " ind2=" ">
    <subfield code="a">Paul, L.</subfield>
    <subfield code="v">III. Physikalisches Institut, RWTH Aachen University,  Aachen, D-52056  Germany</subfield>
    <subfield code="w">Germany</subfield>
  </datafield>
  <datafield tag="700" ind1=" " ind2=" ">
    <subfield code="a">Pepper, J.A.</subfield>
    <subfield code="v">Dept. of Physics and Astronomy, University of Alabama,  Tuscaloosa, AL, 35487 U.S.A.</subfield>
    <subfield code="w">USA</subfield>
  </datafield>
  <datafield tag="700" ind1=" " ind2=" ">
    <subfield code="a">Heros, C. Pérez de los</subfield>
    <subfield code="v">Dept. of Physics and Astronomy, Uppsala University,  Box 516, Uppsala, S-75120 Sweden</subfield>
    <subfield code="w">Sweden</subfield>
  </datafield>
  <datafield tag="700" ind1=" " ind2=" ">
    <subfield code="a">Pfendner, C.</subfield>
    <subfield code="v">Dept. of Physics and Center for Cosmology and Astro-Particle Physics,  Ohio State University, Columbus, OH, 43210 U.S.A.</subfield>
    <subfield code="w">USA</subfield>
  </datafield>
  <datafield tag="700" ind1=" " ind2=" ">
    <subfield code="a">Pieloth, D.</subfield>
    <subfield code="v">Dept. of Physics, TU Dortmund University,  Dortmund, D-44221 Germany</subfield>
    <subfield code="w">Germany</subfield>
  </datafield>
  <datafield tag="700" ind1=" " ind2=" ">
    <subfield code="a">Pinat, E.</subfield>
    <subfield code="v">Université Libre de Bruxelles, Science Faculty CP230,  Brussels, B-1050 Belgium</subfield>
    <subfield code="w">Belgium</subfield>
  </datafield>
  <datafield tag="700" ind1=" " ind2=" ">
    <subfield code="a">Posselt, J.</subfield>
    <subfield code="v">Dept. of Physics, University of Wuppertal,  Wuppertal, D-42119 Germany</subfield>
    <subfield code="w">Germany</subfield>
  </datafield>
  <datafield tag="700" ind1=" " ind2=" ">
    <subfield code="a">Price, P.B.</subfield>
    <subfield code="v">Dept. of Physics, University of California,  Berkeley, CA, 94720 U.S.A.</subfield>
    <subfield code="w">USA</subfield>
  </datafield>
  <datafield tag="700" ind1=" " ind2=" ">
    <subfield code="a">Przybylski, G.T.</subfield>
    <subfield code="v">Lawrence Berkeley National Laboratory,  Berkeley, CA, 94720 U.S.A.</subfield>
    <subfield code="w">USA</subfield>
  </datafield>
  <datafield tag="700" ind1=" " ind2=" ">
    <subfield code="a">Quinnan, M.</subfield>
    <subfield code="v">Dept. of Physics, Pennsylvania State University,  University Park, PA, 16802 U.S.A.</subfield>
    <subfield code="w">USA</subfield>
  </datafield>
  <datafield tag="700" ind1=" " ind2=" ">
    <subfield code="a">Raab, C.</subfield>
    <subfield code="v">Université Libre de Bruxelles, Science Faculty CP230,  Brussels, B-1050 Belgium</subfield>
    <subfield code="w">Belgium</subfield>
  </datafield>
  <datafield tag="700" ind1=" " ind2=" ">
    <subfield code="a">Rädel, L.</subfield>
    <subfield code="v">III. Physikalisches Institut, RWTH Aachen University,  Aachen, D-52056  Germany</subfield>
    <subfield code="w">Germany</subfield>
  </datafield>
  <datafield tag="700" ind1=" " ind2=" ">
    <subfield code="a">Rameez, M.</subfield>
    <subfield code="v">Département de physique nucléaire et corpusculaire, Université de Genève,   Genève, CH-1211 Switzerland</subfield>
    <subfield code="w">Switzerland</subfield>
  </datafield>
  <datafield tag="700" ind1=" " ind2=" ">
    <subfield code="a">Rawlins, K.</subfield>
    <subfield code="v">Dept. of Physics and Astronomy, University of Alaska Anchorage,  3211 Providence Dr., Anchorage, AK, 99508 U.S.A.</subfield>
    <subfield code="w">USA</subfield>
  </datafield>
  <datafield tag="700" ind1=" " ind2=" ">
    <subfield code="a">Reimann, R.</subfield>
    <subfield code="v">III. Physikalisches Institut, RWTH Aachen University,  Aachen, D-52056  Germany</subfield>
    <subfield code="w">Germany</subfield>
  </datafield>
  <datafield tag="700" ind1=" " ind2=" ">
    <subfield code="a">Relich, M.</subfield>
    <subfield code="v">Dept. of Physics, Chiba University,  Chiba, 263-8522 Japan</subfield>
    <subfield code="w">Japan</subfield>
  </datafield>
  <datafield tag="700" ind1=" " ind2=" ">
    <subfield code="a">Resconi, E.</subfield>
    <subfield code="v">Technische Universität München,   Garching, D-85748 Germany</subfield>
    <subfield code="w">Germany</subfield>
  </datafield>
  <datafield tag="700" ind1=" " ind2=" ">
    <subfield code="a">Rhode, W.</subfield>
    <subfield code="v">Dept. of Physics, TU Dortmund University,  Dortmund, D-44221 Germany</subfield>
    <subfield code="w">Germany</subfield>
  </datafield>
  <datafield tag="700" ind1=" " ind2=" ">
    <subfield code="a">Richman, M.</subfield>
    <subfield code="v">Dept. of Physics, Drexel University,  3141 Chestnut Street, Philadelphia, PA, 19104 U.S.A.</subfield>
    <subfield code="w">USA</subfield>
  </datafield>
  <datafield tag="700" ind1=" " ind2=" ">
    <subfield code="a">Richter, S.</subfield>
    <subfield code="v">Dept. of Physics and Wisconsin IceCube Particle Astrophysics Center,  University of Wisconsin, Madison, WI, 53706 U.S.A.</subfield>
    <subfield code="w">USA</subfield>
  </datafield>
  <datafield tag="700" ind1=" " ind2=" ">
    <subfield code="a">Riedel, B.</subfield>
    <subfield code="v">Dept. of Physics, University of Alberta,  Edmonton, Alberta,  T6G 2E1 Canada</subfield>
    <subfield code="w">Canada</subfield>
  </datafield>
  <datafield tag="700" ind1=" " ind2=" ">
    <subfield code="a">Robertson, S.</subfield>
    <subfield code="v">Department of Physics, University of Adelaide,  Adelaide, 5005 Australia</subfield>
    <subfield code="w">Australia</subfield>
  </datafield>
  <datafield tag="700" ind1=" " ind2=" ">
    <subfield code="a">Rongen, M.</subfield>
    <subfield code="v">III. Physikalisches Institut, RWTH Aachen University,  Aachen, D-52056  Germany</subfield>
    <subfield code="w">Germany</subfield>
  </datafield>
  <datafield tag="700" ind1=" " ind2=" ">
    <subfield code="a">Rott, C.</subfield>
    <subfield code="v">Dept. of Physics, Sungkyunkwan University,  Suwon, 440-746 Korea</subfield>
    <subfield code="w">South Korea</subfield>
  </datafield>
  <datafield tag="700" ind1=" " ind2=" ">
    <subfield code="a">Ruhe, T.</subfield>
    <subfield code="v">Dept. of Physics, TU Dortmund University,  Dortmund, D-44221 Germany</subfield>
    <subfield code="w">Germany</subfield>
  </datafield>
  <datafield tag="700" ind1=" " ind2=" ">
    <subfield code="a">Ryckbosch, D.</subfield>
    <subfield code="v">Dept. of Physics and Astronomy, University of Gent,   Gent, B-9000 Belgium</subfield>
    <subfield code="w">Belgium</subfield>
  </datafield>
  <datafield tag="700" ind1=" " ind2=" ">
    <subfield code="a">Sabbatini, L.</subfield>
    <subfield code="v">Dept. of Physics and Wisconsin IceCube Particle Astrophysics Center,  University of Wisconsin, Madison, WI, 53706 U.S.A.</subfield>
    <subfield code="w">USA</subfield>
  </datafield>
  <datafield tag="700" ind1=" " ind2=" ">
    <subfield code="a">Sander, H.-G.</subfield>
    <subfield code="v">Institute of Physics, University of Mainz,  Staudinger Weg 7,  Mainz, D-55099 Germany</subfield>
    <subfield code="w">Germany</subfield>
  </datafield>
  <datafield tag="700" ind1=" " ind2=" ">
    <subfield code="a">Sandrock, A.</subfield>
    <subfield code="v">Dept. of Physics, TU Dortmund University,  Dortmund, D-44221 Germany</subfield>
    <subfield code="w">Germany</subfield>
  </datafield>
  <datafield tag="700" ind1=" " ind2=" ">
    <subfield code="a">Sandroos, J.</subfield>
    <subfield code="v">Institute of Physics, University of Mainz,  Staudinger Weg 7,  Mainz, D-55099 Germany</subfield>
    <subfield code="w">Germany</subfield>
  </datafield>
  <datafield tag="700" ind1=" " ind2=" ">
    <subfield code="a">Sarkar, S.</subfield>
    <subfield code="v">Niels Bohr Institute, University of Copenhagen,  Copenhagen,  DK-2100  Denmark</subfield>
    <subfield code="v">Dept. of Physics, University of Oxford,  1 Keble Road, Oxford, OX1 3NP U.K.</subfield>
    <subfield code="w">Denmark</subfield>
    <subfield code="w">UK</subfield>
  </datafield>
  <datafield tag="700" ind1=" " ind2=" ">
    <subfield code="a">Savage, C.</subfield>
    <subfield code="v">Oskar Klein Centre and Dept. of Physics, Stockholm University,  Stockholm, SE-10691 Sweden</subfield>
    <subfield code="w">Sweden</subfield>
  </datafield>
  <datafield tag="700" ind1=" " ind2=" ">
    <subfield code="a">Schatto, K.</subfield>
    <subfield code="v">Institute of Physics, University of Mainz,  Staudinger Weg 7,  Mainz, D-55099 Germany</subfield>
    <subfield code="w">Germany</subfield>
  </datafield>
  <datafield tag="700" ind1=" " ind2=" ">
    <subfield code="a">Schimp, M.</subfield>
    <subfield code="v">III. Physikalisches Institut, RWTH Aachen University,  Aachen, D-52056  Germany</subfield>
    <subfield code="w">Germany</subfield>
  </datafield>
  <datafield tag="700" ind1=" " ind2=" ">
    <subfield code="a">Schlunder, P.</subfield>
    <subfield code="v">Dept. of Physics, TU Dortmund University,  Dortmund, D-44221 Germany</subfield>
    <subfield code="w">Germany</subfield>
  </datafield>
  <datafield tag="700" ind1=" " ind2=" ">
    <subfield code="a">Schmidt, T.</subfield>
    <subfield code="v">Dept. of Physics, University of Maryland,  College Park, MD, 20742 U.S.A.</subfield>
    <subfield code="w">USA</subfield>
  </datafield>
  <datafield tag="700" ind1=" " ind2=" ">
    <subfield code="a">Schoenen, S.</subfield>
    <subfield code="v">III. Physikalisches Institut, RWTH Aachen University,  Aachen, D-52056  Germany</subfield>
    <subfield code="w">Germany</subfield>
  </datafield>
  <datafield tag="700" ind1=" " ind2=" ">
    <subfield code="a">Schöneberg, S.</subfield>
    <subfield code="v">Fakultät für Physik &amp; Astronomie, Ruhr-Universität Bochum,   Bochum, D-44780 Germany</subfield>
    <subfield code="w">Germany</subfield>
  </datafield>
  <datafield tag="700" ind1=" " ind2=" ">
    <subfield code="a">Schönwald, A.</subfield>
    <subfield code="v">DESY,  Zeuthen, D-15735  Germany [7pt]\mbox</subfield>
    <subfield code="w">Germany</subfield>
  </datafield>
  <datafield tag="700" ind1=" " ind2=" ">
    <subfield code="a">Schulte, L.</subfield>
    <subfield code="v">Physikalisches Institut, Universität Bonn,  Nussallee 12, Bonn, D-53115 Germany</subfield>
    <subfield code="w">Germany</subfield>
  </datafield>
  <datafield tag="700" ind1=" " ind2=" ">
    <subfield code="a">Schumacher, L.</subfield>
    <subfield code="v">III. Physikalisches Institut, RWTH Aachen University,  Aachen, D-52056  Germany</subfield>
    <subfield code="w">Germany</subfield>
  </datafield>
  <datafield tag="700" ind1=" " ind2=" ">
    <subfield code="a">Scott, P.</subfield>
    <subfield code="v">Dept. of Physics, Imperial College London,  London, SW7 2AZ U.K.</subfield>
    <subfield code="v">Corresponding authors: P. Scott and M. Danninger, UK</subfield>
    <subfield code="w">UK</subfield>
  </datafield>
  <datafield tag="700" ind1=" " ind2=" ">
    <subfield code="a">Seckel, D.</subfield>
    <subfield code="v">Bartol Research Institute and Dept. of Physics and Astronomy, University of Delaware,  Newark, DE, 19716 U.S.A.</subfield>
    <subfield code="w">USA</subfield>
  </datafield>
  <datafield tag="700" ind1=" " ind2=" ">
    <subfield code="a">Seunarine, S.</subfield>
    <subfield code="v">Dept. of Physics, University of Wisconsin,  River Falls, WI, 54022 U.S.A.</subfield>
    <subfield code="w">USA</subfield>
  </datafield>
  <datafield tag="700" ind1=" " ind2=" ">
    <subfield code="a">Silverwood, H.</subfield>
    <subfield code="v">Dept. of Physics and Astronomy, University of Canterbury,  Private Bag 4800, Christchurch, New Zealand</subfield>
    <subfield code="v">Current address:  GRAPPA Institute, University of Amsterdam,  Amsterdam, 1098 XH Netherlands</subfield>
    <subfield code="w">New Zealand</subfield>
    <subfield code="w">Netherlands</subfield>
  </datafield>
  <datafield tag="700" ind1=" " ind2=" ">
    <subfield code="a">Soldin, D.</subfield>
    <subfield code="v">Dept. of Physics, University of Wuppertal,  Wuppertal, D-42119 Germany</subfield>
    <subfield code="w">Germany</subfield>
  </datafield>
  <datafield tag="700" ind1=" " ind2=" ">
    <subfield code="a">Song, M.</subfield>
    <subfield code="v">Dept. of Physics, University of Maryland,  College Park, MD, 20742 U.S.A.</subfield>
    <subfield code="w">USA</subfield>
  </datafield>
  <datafield tag="700" ind1=" " ind2=" ">
    <subfield code="a">Spiczak, G.M.</subfield>
    <subfield code="v">Dept. of Physics, University of Wisconsin,  River Falls, WI, 54022 U.S.A.</subfield>
    <subfield code="w">USA</subfield>
  </datafield>
  <datafield tag="700" ind1=" " ind2=" ">
    <subfield code="a">Spiering, C.</subfield>
    <subfield code="v">DESY,  Zeuthen, D-15735  Germany [7pt]\mbox</subfield>
    <subfield code="w">Germany</subfield>
  </datafield>
  <datafield tag="700" ind1=" " ind2=" ">
    <subfield code="a">Stahlberg, M.</subfield>
    <subfield code="v">III. Physikalisches Institut, RWTH Aachen University,  Aachen, D-52056  Germany</subfield>
    <subfield code="w">Germany</subfield>
  </datafield>
  <datafield tag="700" ind1=" " ind2=" ">
    <subfield code="a">Stamatikos, M.</subfield>
    <subfield code="v">Dept. of Physics and Center for Cosmology and Astro-Particle Physics,  Ohio State University, Columbus, OH, 43210 U.S.A.</subfield>
    <subfield code="v">NASA Goddard Space Flight Center,  Greenbelt, MD, 20771 U.S.A.</subfield>
    <subfield code="w">USA</subfield>
  </datafield>
  <datafield tag="700" ind1=" " ind2=" ">
    <subfield code="a">Stanev, T.</subfield>
    <subfield code="v">Bartol Research Institute and Dept. of Physics and Astronomy, University of Delaware,  Newark, DE, 19716 U.S.A.</subfield>
    <subfield code="w">USA</subfield>
  </datafield>
  <datafield tag="700" ind1=" " ind2=" ">
    <subfield code="a">Stasik, A.</subfield>
    <subfield code="v">DESY,  Zeuthen, D-15735  Germany [7pt]\mbox</subfield>
    <subfield code="w">Germany</subfield>
  </datafield>
  <datafield tag="700" ind1=" " ind2=" ">
    <subfield code="a">Steuer, A.</subfield>
    <subfield code="v">Institute of Physics, University of Mainz,  Staudinger Weg 7,  Mainz, D-55099 Germany</subfield>
    <subfield code="w">Germany</subfield>
  </datafield>
  <datafield tag="700" ind1=" " ind2=" ">
    <subfield code="a">Stezelberger, T.</subfield>
    <subfield code="v">Lawrence Berkeley National Laboratory,  Berkeley, CA, 94720 U.S.A.</subfield>
    <subfield code="w">USA</subfield>
  </datafield>
  <datafield tag="700" ind1=" " ind2=" ">
    <subfield code="a">Stokstad, R.G.</subfield>
    <subfield code="v">Lawrence Berkeley National Laboratory,  Berkeley, CA, 94720 U.S.A.</subfield>
    <subfield code="w">USA</subfield>
  </datafield>
  <datafield tag="700" ind1=" " ind2=" ">
    <subfield code="a">Stößl, A.</subfield>
    <subfield code="v">DESY,  Zeuthen, D-15735  Germany [7pt]\mbox</subfield>
    <subfield code="w">Germany</subfield>
  </datafield>
  <datafield tag="700" ind1=" " ind2=" ">
    <subfield code="a">Ström, R.</subfield>
    <subfield code="v">Dept. of Physics and Astronomy, Uppsala University,  Box 516, Uppsala, S-75120 Sweden</subfield>
    <subfield code="w">Sweden</subfield>
  </datafield>
  <datafield tag="700" ind1=" " ind2=" ">
    <subfield code="a">Strotjohann, N.L.</subfield>
    <subfield code="v">DESY,  Zeuthen, D-15735  Germany [7pt]\mbox</subfield>
    <subfield code="w">Germany</subfield>
  </datafield>
  <datafield tag="700" ind1=" " ind2=" ">
    <subfield code="a">Sullivan, G.W.</subfield>
    <subfield code="v">Dept. of Physics, University of Maryland,  College Park, MD, 20742 U.S.A.</subfield>
    <subfield code="w">USA</subfield>
  </datafield>
  <datafield tag="700" ind1=" " ind2=" ">
    <subfield code="a">Sutherland, M.</subfield>
    <subfield code="v">Dept. of Physics and Center for Cosmology and Astro-Particle Physics,  Ohio State University, Columbus, OH, 43210 U.S.A.</subfield>
    <subfield code="w">USA</subfield>
  </datafield>
  <datafield tag="700" ind1=" " ind2=" ">
    <subfield code="a">Taavola, H.</subfield>
    <subfield code="v">Dept. of Physics and Astronomy, Uppsala University,  Box 516, Uppsala, S-75120 Sweden</subfield>
    <subfield code="w">Sweden</subfield>
  </datafield>
  <datafield tag="700" ind1=" " ind2=" ">
    <subfield code="a">Taboada, I.</subfield>
    <subfield code="v">School of Physics and Center for Relativistic Astrophysics, Georgia Institute of Technology,   Atlanta, GA, 30332 U.S.A.</subfield>
    <subfield code="w">Georgia</subfield>
    <subfield code="w">USA</subfield>
  </datafield>
  <datafield tag="700" ind1=" " ind2=" ">
    <subfield code="a">Tatar, J.</subfield>
    <subfield code="v">Lawrence Berkeley National Laboratory,  Berkeley, CA, 94720 U.S.A.</subfield>
    <subfield code="v">Dept. of Physics, University of California,  Berkeley, CA, 94720 U.S.A.</subfield>
    <subfield code="w">USA</subfield>
  </datafield>
  <datafield tag="700" ind1=" " ind2=" ">
    <subfield code="a">Ter-Antonyan, S.</subfield>
    <subfield code="v">Dept. of Physics, Southern University,  Baton Rouge, LA, 70813 U.S.A.</subfield>
    <subfield code="w">USA</subfield>
  </datafield>
  <datafield tag="700" ind1=" " ind2=" ">
    <subfield code="a">Terliuk, A.</subfield>
    <subfield code="v">DESY,  Zeuthen, D-15735  Germany [7pt]\mbox</subfield>
    <subfield code="w">Germany</subfield>
  </datafield>
  <datafield tag="700" ind1=" " ind2=" ">
    <subfield code="a">Tešić, G.</subfield>
    <subfield code="v">Dept. of Physics, Pennsylvania State University,  University Park, PA, 16802 U.S.A.</subfield>
    <subfield code="w">USA</subfield>
  </datafield>
  <datafield tag="700" ind1=" " ind2=" ">
    <subfield code="a">Tilav, S.</subfield>
    <subfield code="v">Bartol Research Institute and Dept. of Physics and Astronomy, University of Delaware,  Newark, DE, 19716 U.S.A.</subfield>
    <subfield code="w">USA</subfield>
  </datafield>
  <datafield tag="700" ind1=" " ind2=" ">
    <subfield code="a">Toale, P.A.</subfield>
    <subfield code="v">Dept. of Physics and Astronomy, University of Alabama,  Tuscaloosa, AL, 35487 U.S.A.</subfield>
    <subfield code="w">USA</subfield>
  </datafield>
  <datafield tag="700" ind1=" " ind2=" ">
    <subfield code="a">Tobin, M.N.</subfield>
    <subfield code="v">Dept. of Physics and Wisconsin IceCube Particle Astrophysics Center,  University of Wisconsin, Madison, WI, 53706 U.S.A.</subfield>
    <subfield code="w">USA</subfield>
  </datafield>
  <datafield tag="700" ind1=" " ind2=" ">
    <subfield code="a">Toscano, S.</subfield>
    <subfield code="v">Vrije Universiteit Brussel, Dienst ELEM,   Brussels, B-1050 Belgium</subfield>
    <subfield code="w">Belgium</subfield>
  </datafield>
  <datafield tag="700" ind1=" " ind2=" ">
    <subfield code="a">Tosi, D.</subfield>
    <subfield code="v">Dept. of Physics and Wisconsin IceCube Particle Astrophysics Center,  University of Wisconsin, Madison, WI, 53706 U.S.A.</subfield>
    <subfield code="w">USA</subfield>
  </datafield>
  <datafield tag="700" ind1=" " ind2=" ">
    <subfield code="a">Tselengidou, M.</subfield>
    <subfield code="v">Erlangen Centre for Astroparticle Physics,  Friedrich-Alexander-Universität Erlangen-Nürnberg,  Erlangen, D-91058  Germany</subfield>
    <subfield code="w">Germany</subfield>
  </datafield>
  <datafield tag="700" ind1=" " ind2=" ">
    <subfield code="a">Turcati, A.</subfield>
    <subfield code="v">Technische Universität München,   Garching, D-85748 Germany</subfield>
    <subfield code="w">Germany</subfield>
  </datafield>
  <datafield tag="700" ind1=" " ind2=" ">
    <subfield code="a">Unger, E.</subfield>
    <subfield code="v">Dept. of Physics and Astronomy, Uppsala University,  Box 516, Uppsala, S-75120 Sweden</subfield>
    <subfield code="w">Sweden</subfield>
  </datafield>
  <datafield tag="700" ind1=" " ind2=" ">
    <subfield code="a">Usner, M.</subfield>
    <subfield code="v">DESY,  Zeuthen, D-15735  Germany [7pt]\mbox</subfield>
    <subfield code="w">Germany</subfield>
  </datafield>
  <datafield tag="700" ind1=" " ind2=" ">
    <subfield code="a">Vallecorsa, S.</subfield>
    <subfield code="v">Département de physique nucléaire et corpusculaire, Université de Genève,   Genève, CH-1211 Switzerland</subfield>
    <subfield code="w">Switzerland</subfield>
  </datafield>
  <datafield tag="700" ind1=" " ind2=" ">
    <subfield code="a">Vandenbroucke, J.</subfield>
    <subfield code="v">Dept. of Physics and Wisconsin IceCube Particle Astrophysics Center,  University of Wisconsin, Madison, WI, 53706 U.S.A.</subfield>
    <subfield code="w">USA</subfield>
  </datafield>
  <datafield tag="700" ind1=" " ind2=" ">
    <subfield code="a">Eijndhoven, N. van</subfield>
    <subfield code="v">Vrije Universiteit Brussel, Dienst ELEM,   Brussels, B-1050 Belgium</subfield>
    <subfield code="w">Belgium</subfield>
  </datafield>
  <datafield tag="700" ind1=" " ind2=" ">
    <subfield code="a">Vanheule, S.</subfield>
    <subfield code="v">Dept. of Physics and Astronomy, University of Gent,   Gent, B-9000 Belgium</subfield>
    <subfield code="w">Belgium</subfield>
  </datafield>
  <datafield tag="700" ind1=" " ind2=" ">
    <subfield code="a">Santen, J. van</subfield>
    <subfield code="v">DESY,  Zeuthen, D-15735  Germany [7pt]\mbox</subfield>
    <subfield code="w">Germany</subfield>
  </datafield>
  <datafield tag="700" ind1=" " ind2=" ">
    <subfield code="a">Veenkamp, J.</subfield>
    <subfield code="v">Technische Universität München,   Garching, D-85748 Germany</subfield>
    <subfield code="w">Germany</subfield>
  </datafield>
  <datafield tag="700" ind1=" " ind2=" ">
    <subfield code="a">Vehring, M.</subfield>
    <subfield code="v">III. Physikalisches Institut, RWTH Aachen University,  Aachen, D-52056  Germany</subfield>
    <subfield code="w">Germany</subfield>
  </datafield>
  <datafield tag="700" ind1=" " ind2=" ">
    <subfield code="a">Voge, M.</subfield>
    <subfield code="v">Physikalisches Institut, Universität Bonn,  Nussallee 12, Bonn, D-53115 Germany</subfield>
    <subfield code="w">Germany</subfield>
  </datafield>
  <datafield tag="700" ind1=" " ind2=" ">
    <subfield code="a">Vraeghe, M.</subfield>
    <subfield code="v">Dept. of Physics and Astronomy, University of Gent,   Gent, B-9000 Belgium</subfield>
    <subfield code="w">Belgium</subfield>
  </datafield>
  <datafield tag="700" ind1=" " ind2=" ">
    <subfield code="a">Walck, C.</subfield>
    <subfield code="v">Oskar Klein Centre and Dept. of Physics, Stockholm University,  Stockholm, SE-10691 Sweden</subfield>
    <subfield code="w">Sweden</subfield>
  </datafield>
  <datafield tag="700" ind1=" " ind2=" ">
    <subfield code="a">Wallace, A.</subfield>
    <subfield code="v">Department of Physics, University of Adelaide,  Adelaide, 5005 Australia</subfield>
    <subfield code="w">Australia</subfield>
  </datafield>
  <datafield tag="700" ind1=" " ind2=" ">
    <subfield code="a">Wallraff, M.</subfield>
    <subfield code="v">III. Physikalisches Institut, RWTH Aachen University,  Aachen, D-52056  Germany</subfield>
    <subfield code="w">Germany</subfield>
  </datafield>
  <datafield tag="700" ind1=" " ind2=" ">
    <subfield code="a">Wandkowsky, N.</subfield>
    <subfield code="v">Dept. of Physics and Wisconsin IceCube Particle Astrophysics Center,  University of Wisconsin, Madison, WI, 53706 U.S.A.</subfield>
    <subfield code="w">USA</subfield>
  </datafield>
  <datafield tag="700" ind1=" " ind2=" ">
    <subfield code="a">Weaver, Ch.</subfield>
    <subfield code="v">Dept. of Physics, University of Alberta,  Edmonton, Alberta,  T6G 2E1 Canada</subfield>
    <subfield code="w">Canada</subfield>
  </datafield>
  <datafield tag="700" ind1=" " ind2=" ">
    <subfield code="a">Wendt, C.</subfield>
    <subfield code="v">Dept. of Physics and Wisconsin IceCube Particle Astrophysics Center,  University of Wisconsin, Madison, WI, 53706 U.S.A.</subfield>
    <subfield code="w">USA</subfield>
  </datafield>
  <datafield tag="700" ind1=" " ind2=" ">
    <subfield code="a">Westerhoff, S.</subfield>
    <subfield code="v">Dept. of Physics and Wisconsin IceCube Particle Astrophysics Center,  University of Wisconsin, Madison, WI, 53706 U.S.A.</subfield>
    <subfield code="w">USA</subfield>
  </datafield>
  <datafield tag="700" ind1=" " ind2=" ">
    <subfield code="a">Whelan, B.J.</subfield>
    <subfield code="v">Department of Physics, University of Adelaide,  Adelaide, 5005 Australia</subfield>
    <subfield code="w">Australia</subfield>
  </datafield>
  <datafield tag="700" ind1=" " ind2=" ">
    <subfield code="a">Wiebe, K.</subfield>
    <subfield code="v">Institute of Physics, University of Mainz,  Staudinger Weg 7,  Mainz, D-55099 Germany</subfield>
    <subfield code="w">Germany</subfield>
  </datafield>
  <datafield tag="700" ind1=" " ind2=" ">
    <subfield code="a">Wiebusch, C.H.</subfield>
    <subfield code="v">III. Physikalisches Institut, RWTH Aachen University,  Aachen, D-52056  Germany</subfield>
    <subfield code="w">Germany</subfield>
  </datafield>
  <datafield tag="700" ind1=" " ind2=" ">
    <subfield code="a">Wille, L.</subfield>
    <subfield code="v">Dept. of Physics and Wisconsin IceCube Particle Astrophysics Center,  University of Wisconsin, Madison, WI, 53706 U.S.A.</subfield>
    <subfield code="w">USA</subfield>
  </datafield>
  <datafield tag="700" ind1=" " ind2=" ">
    <subfield code="a">Williams, D.R.</subfield>
    <subfield code="v">Dept. of Physics and Astronomy, University of Alabama,  Tuscaloosa, AL, 35487 U.S.A.</subfield>
    <subfield code="w">USA</subfield>
  </datafield>
  <datafield tag="700" ind1=" " ind2=" ">
    <subfield code="a">Wills, L.</subfield>
    <subfield code="v">Dept. of Physics, Drexel University,  3141 Chestnut Street, Philadelphia, PA, 19104 U.S.A.</subfield>
    <subfield code="w">USA</subfield>
  </datafield>
  <datafield tag="700" ind1=" " ind2=" ">
    <subfield code="a">Wissing, H.</subfield>
    <subfield code="v">Dept. of Physics, University of Maryland,  College Park, MD, 20742 U.S.A.</subfield>
    <subfield code="w">USA</subfield>
  </datafield>
  <datafield tag="700" ind1=" " ind2=" ">
    <subfield code="a">Wolf, M.</subfield>
    <subfield code="v">Oskar Klein Centre and Dept. of Physics, Stockholm University,  Stockholm, SE-10691 Sweden</subfield>
    <subfield code="w">Sweden</subfield>
  </datafield>
  <datafield tag="700" ind1=" " ind2=" ">
    <subfield code="a">Wood, T.R.</subfield>
    <subfield code="v">Dept. of Physics, University of Alberta,  Edmonton, Alberta,  T6G 2E1 Canada</subfield>
    <subfield code="w">Canada</subfield>
  </datafield>
  <datafield tag="700" ind1=" " ind2=" ">
    <subfield code="a">Woschnagg, K.</subfield>
    <subfield code="v">Dept. of Physics, University of California,  Berkeley, CA, 94720 U.S.A.</subfield>
    <subfield code="w">USA</subfield>
  </datafield>
  <datafield tag="700" ind1=" " ind2=" ">
    <subfield code="a">Xu, D.L.</subfield>
    <subfield code="v">Dept. of Physics and Wisconsin IceCube Particle Astrophysics Center,  University of Wisconsin, Madison, WI, 53706 U.S.A.</subfield>
    <subfield code="w">USA</subfield>
  </datafield>
  <datafield tag="700" ind1=" " ind2=" ">
    <subfield code="a">Xu, X.W.</subfield>
    <subfield code="v">Dept. of Physics, Southern University,  Baton Rouge, LA, 70813 U.S.A.</subfield>
    <subfield code="w">USA</subfield>
  </datafield>
  <datafield tag="700" ind1=" " ind2=" ">
    <subfield code="a">Xu, Y.</subfield>
    <subfield code="v">Dept. of Physics and Astronomy, Stony Brook University,  Stony Brook, NY, 11794-3800 U.S.A.</subfield>
    <subfield code="w">USA</subfield>
  </datafield>
  <datafield tag="700" ind1=" " ind2=" ">
    <subfield code="a">Yanez, J.P.</subfield>
    <subfield code="v">DESY,  Zeuthen, D-15735  Germany [7pt]\mbox</subfield>
    <subfield code="w">Germany</subfield>
  </datafield>
  <datafield tag="700" ind1=" " ind2=" ">
    <subfield code="a">Yodh, G.</subfield>
    <subfield code="v">Dept. of Physics and Astronomy, University of California,  Irvine, CA, 92697 U.S.A.</subfield>
    <subfield code="w">USA</subfield>
  </datafield>
  <datafield tag="700" ind1=" " ind2=" ">
    <subfield code="a">Yoshida, S.</subfield>
    <subfield code="v">Dept. of Physics, Chiba University,  Chiba, 263-8522 Japan</subfield>
    <subfield code="w">Japan</subfield>
  </datafield>
  <datafield tag="700" ind1=" " ind2=" ">
    <subfield code="a">Zoll, M.</subfield>
    <subfield code="v">Oskar Klein Centre and Dept. of Physics, Stockholm University,  Stockholm, SE-10691 Sweden</subfield>
    <subfield code="w">Sweden</subfield>
  </datafield>
  <datafield tag="773" ind1=" " ind2=" ">
    <subfield code="c">022</subfield>
    <subfield code="n">04</subfield>
    <subfield code="p">JCAP</subfield>
    <subfield code="v">1604</subfield>
    <subfield code="y">2016</subfield>
  </datafield>
  <datafield tag="856" ind1="4" ind2=" ">
    <subfield code="s">119897</subfield>
    <subfield code="u">http://repo.scoap3.org/record/15188/files/fulltext.xml</subfield>
  </datafield>
  <datafield tag="856" ind1="4" ind2=" ">
    <subfield code="s">1951395</subfield>
    <subfield code="u">http://repo.scoap3.org/record/15188/files/fulltext.pdf</subfield>
  </datafield>
  <datafield tag="909" ind1="C" ind2="O">
    <subfield code="o">oai:repo.scoap3.org:15188</subfield>
    <subfield code="p">GLOBAL_SET</subfield>
    <subfield code="p">JOURNAL_OF_COSMOLOGY_AND_ASTROPARTICLE_PHYSICS</subfield>
  </datafield>
  <datafield tag="980" ind1=" " ind2=" ">
    <subfield code="a">SCOAP3</subfield>
    <subfield code="b">IOP</subfield>
  </datafield>
</record>