
<record>
  <controlfield tag="001">15185</controlfield>
  <controlfield tag="005">20160422112700.0</controlfield>
  <datafield tag="022" ind1=" " ind2=" ">
    <subfield code="a">1475-7516</subfield>
  </datafield>
  <datafield tag="024" ind1="7" ind2=" ">
    <subfield code="a">10.1088/1475-7516/2016/04/013</subfield>
    <subfield code="2">DOI</subfield>
    <subfield code="t">2016-04-09T04:45:04Z</subfield>
  </datafield>
  <datafield tag="035" ind1=" " ind2=" ">
    <subfield code="a">1407820</subfield>
    <subfield code="9">INSPIRE</subfield>
  </datafield>
  <datafield tag="037" ind1=" " ind2=" ">
    <subfield code="a">arXiv:1512.00565</subfield>
    <subfield code="9">arXiv</subfield>
    <subfield code="a">arXiv:1512.00565</subfield>
  </datafield>
  <datafield tag="100" ind1=" " ind2=" ">
    <subfield code="a">Chen, Pisin</subfield>
    <subfield code="v">Leung Center for Cosmology and Particle Astrophysics, National Taiwan University,  Taipei 10617, Taiwan</subfield>
    <subfield code="v">Department of Physics, National Taiwan University,  Taipei 10617, Taiwan</subfield>
    <subfield code="v">Graduate Institute of Astrophysics, National Taiwan University,  Taipei 10617, Taiwan</subfield>
    <subfield code="v">Kavli Institute for Particle Astrophysics and Cosmology,  SLAC National Accelerator Laboratory, Stanford University,  Stanford, California 94305, U.S.A.</subfield>
    <subfield code="w">Taiwan</subfield>
    <subfield code="w">USA</subfield>
  </datafield>
  <datafield tag="245" ind1=" " ind2=" ">
    <subfield code="a">
Stationary bubbles and their tunneling channels toward trivial geometry</subfield>
  </datafield>
  <datafield tag="260" ind1=" " ind2=" ">
    <subfield code="c">2016-04-01</subfield>
    <subfield code="b">Institute of Physics Publishing/SISSA</subfield>
  </datafield>
  <datafield tag="520" ind1=" " ind2=" ">
    <subfield code="a">In the path integral approach, one has to sum over all   histories that start from the same initial condition in order to   obtain the final condition as a superposition of histories. Applying   this into black hole dynamics, we consider stable and unstable   stationary bubbles as a reasonable and regular initial condition. We   find examples where the bubble can either form a black hole or   tunnel toward a trivial geometry, i.e., with no singularity nor   event horizon. We investigate the dynamics and tunneling channels of   true vacuum bubbles for various tensions. In particular, in line   with the idea of superposition of geometries, we build a classically   stable stationary thin-shell solution in a Minkowski background   where its fate is probabilistically given by non-perturbative   effects. Since there exists a tunneling channel toward a trivial   geometry in the entire path integral, the entire information is   encoded in the wave function. This demonstrates that the unitarity   is preserved and there is no loss of information when viewed from   the entire wave function of the universe, whereas a semi-classical   observer, who can see only a definitive geometry, would find an   effective loss of information. This may provide a resolution to the   information loss dilemma.</subfield>
  </datafield>
  <datafield tag="540" ind1=" " ind2=" ">
    <subfield code="a">CC-BY-3.0</subfield>
    <subfield code="u">http://creativecommons.org/licenses/by/3.0/</subfield>
  </datafield>
  <datafield tag="542" ind1=" " ind2=" ">
    <subfield code="f"></subfield>
  </datafield>
  <datafield tag="591" ind1=" " ind2=" ">
    <subfield code="a">Category:1</subfield>
  </datafield>
  <datafield tag="591" ind1=" " ind2=" ">
    <subfield code="a">CC:1</subfield>
  </datafield>
  <datafield tag="591" ind1=" " ind2=" ">
    <subfield code="a">Authors:1</subfield>
  </datafield>
  <datafield tag="591" ind1=" " ind2=" ">
    <subfield code="a">SCOAP3:1</subfield>
  </datafield>
  <datafield tag="653" ind1="1" ind2=" ">
    <subfield code="a">GR black holes</subfield>
    <subfield code="9">author</subfield>
  </datafield>
  <datafield tag="653" ind1="1" ind2=" ">
    <subfield code="a">quantum black holes</subfield>
    <subfield code="9">author</subfield>
  </datafield>
  <datafield tag="653" ind1="1" ind2=" ">
    <subfield code="a">Gravastars</subfield>
    <subfield code="9">author</subfield>
  </datafield>
  <datafield tag="700" ind1=" " ind2=" ">
    <subfield code="a">Domènech, Guillem</subfield>
    <subfield code="v">Yukawa Institute for Theoretical Physics, Kyoto University,  Kyoto 606-8502, Japan</subfield>
    <subfield code="w">Japan</subfield>
  </datafield>
  <datafield tag="700" ind1=" " ind2=" ">
    <subfield code="a">Sasaki, Misao</subfield>
    <subfield code="v">Yukawa Institute for Theoretical Physics, Kyoto University,  Kyoto 606-8502, Japan</subfield>
    <subfield code="w">Japan</subfield>
  </datafield>
  <datafield tag="700" ind1=" " ind2=" ">
    <subfield code="a">Yeom, Dong-han</subfield>
    <subfield code="v">Leung Center for Cosmology and Particle Astrophysics, National Taiwan University,  Taipei 10617, Taiwan</subfield>
    <subfield code="w">Taiwan</subfield>
  </datafield>
  <datafield tag="773" ind1=" " ind2=" ">
    <subfield code="p">JCAP</subfield>
    <subfield code="v">1604</subfield>
    <subfield code="n">04</subfield>
    <subfield code="c">013</subfield>
    <subfield code="y">2016</subfield>
  </datafield>
  <datafield tag="856" ind1="4" ind2=" ">
    <subfield code="s">1377672</subfield>
    <subfield code="u">http://repo.scoap3.org/record/15185/files/fulltext.pdf</subfield>
  </datafield>
  <datafield tag="856" ind1="4" ind2=" ">
    <subfield code="s">50742</subfield>
    <subfield code="u">http://repo.scoap3.org/record/15185/files/fulltext.xml</subfield>
  </datafield>
  <datafield tag="909" ind1="C" ind2="O">
    <subfield code="o">oai:repo.scoap3.org:15185</subfield>
    <subfield code="p">GLOBAL_SET</subfield>
    <subfield code="p">JOURNAL_OF_COSMOLOGY_AND_ASTROPARTICLE_PHYSICS</subfield>
  </datafield>
  <datafield tag="980" ind1=" " ind2=" ">
    <subfield code="a">SCOAP3</subfield>
    <subfield code="b">IOP</subfield>
  </datafield>
</record>