
<record>
  <controlfield tag="001">14990</controlfield>
  <controlfield tag="005">20160331122843.0</controlfield>
  <datafield tag="022" ind1=" " ind2=" ">
    <subfield code="a">1475-7516</subfield>
  </datafield>
  <datafield tag="024" ind1="7" ind2=" ">
    <subfield code="a">10.1088/1475-7516/2016/03/058</subfield>
    <subfield code="2">DOI</subfield>
    <subfield code="t">2016-03-30T22:37:33Z</subfield>
  </datafield>
  <datafield tag="035" ind1=" " ind2=" ">
    <subfield code="a">1405272</subfield>
    <subfield code="9">INSPIRE</subfield>
  </datafield>
  <datafield tag="037" ind1=" " ind2=" ">
    <subfield code="a">arXiv:1511.05761</subfield>
    <subfield code="9">arXiv</subfield>
  </datafield>
  <datafield tag="100" ind1=" " ind2=" ">
    <subfield code="a">Padilla, Antonio</subfield>
    <subfield code="v">School of Physics and Astronomy, University of Nottingham,   Nottingham NG7 2RD, U.K.</subfield>
    <subfield code="w">UK</subfield>
  </datafield>
  <datafield tag="245" ind1=" " ind2=" ">
    <subfield code="a">
How to avoid a swift kick in the chameleons</subfield>
  </datafield>
  <datafield tag="260" ind1=" " ind2=" ">
    <subfield code="c">2016-03-01</subfield>
    <subfield code="b">Institute of Physics Publishing/SISSA</subfield>
  </datafield>
  <datafield tag="520" ind1=" " ind2=" ">
    <subfield code="a">Recently, it was argued that the conformal coupling of the   chameleon to matter fields created an issue for early universe   cosmology. As standard model degrees of freedom become   non-relativistic in the early universe, the chameleon is attracted   towards a ``surfing'' solution, so that it arrives at the potential   minimum with too large a velocity. This leads to rapid variations in   the chameleon's mass and excitation of high energy modes, casting   doubts on the classical treatment at Big Bang Nucleosynthesis. Here   we present the DBI chameleon, a consistent high energy modification   of the chameleon theory that dynamically renders it weakly coupled   to matter during the early universe thereby eliminating the adverse   effects of the `kicks'.  This is done without any fine tuning of the   coupling between the chameleon and matter fields, and retains its   screening ability in the solar system. We demonstrate this   explicitly with a combination of analytic and numerical results.</subfield>
  </datafield>
  <datafield tag="540" ind1=" " ind2=" ">
    <subfield code="a">CC-BY-3.0</subfield>
    <subfield code="u">http://creativecommons.org/licenses/by/3.0/</subfield>
  </datafield>
  <datafield tag="542" ind1=" " ind2=" ">
    <subfield code="f"></subfield>
  </datafield>
  <datafield tag="591" ind1=" " ind2=" ">
    <subfield code="a">CC:1</subfield>
  </datafield>
  <datafield tag="591" ind1=" " ind2=" ">
    <subfield code="a">Authors:1</subfield>
  </datafield>
  <datafield tag="591" ind1=" " ind2=" ">
    <subfield code="a">SCOAP3:1</subfield>
  </datafield>
  <datafield tag="591" ind1=" " ind2=" ">
    <subfield code="a">Category:1</subfield>
  </datafield>
  <datafield tag="653" ind1="1" ind2=" ">
    <subfield code="a">modified gravity</subfield>
    <subfield code="9">author</subfield>
  </datafield>
  <datafield tag="653" ind1="1" ind2=" ">
    <subfield code="a">big bang nucleosynthesis</subfield>
    <subfield code="9">author</subfield>
  </datafield>
  <datafield tag="653" ind1="1" ind2=" ">
    <subfield code="a">particle physics - cosmology connection</subfield>
    <subfield code="9">author</subfield>
  </datafield>
  <datafield tag="700" ind1=" " ind2=" ">
    <subfield code="a">Platts, Emma</subfield>
    <subfield code="v">Astrophysics, Cosmology and Gravity Centre,   Department of Mathematics and Applied Mathematics, University of Cape Town,   Rondebosch 7701, Cape Town, South Africa</subfield>
    <subfield code="w">South Africa</subfield>
  </datafield>
  <datafield tag="700" ind1=" " ind2=" ">
    <subfield code="a">Stefanyszyn, David</subfield>
    <subfield code="v">School of Physics and Astronomy, University of Nottingham,   Nottingham NG7 2RD, U.K.</subfield>
    <subfield code="w">UK</subfield>
  </datafield>
  <datafield tag="700" ind1=" " ind2=" ">
    <subfield code="a">Walters, Anthony</subfield>
    <subfield code="v">Astrophysics, Cosmology and Gravity Centre,   Department of Mathematics and Applied Mathematics, University of Cape Town,   Rondebosch 7701, Cape Town, South Africa</subfield>
    <subfield code="w">South Africa</subfield>
  </datafield>
  <datafield tag="700" ind1=" " ind2=" ">
    <subfield code="a">Weltman, Amanda</subfield>
    <subfield code="v">Astrophysics, Cosmology and Gravity Centre,   Department of Mathematics and Applied Mathematics, University of Cape Town,   Rondebosch 7701, Cape Town, South Africa</subfield>
    <subfield code="w">South Africa</subfield>
  </datafield>
  <datafield tag="700" ind1=" " ind2=" ">
    <subfield code="a">Wilson, Toby</subfield>
    <subfield code="v">School of Physics and Astronomy, University of Nottingham,   Nottingham NG7 2RD, U.K.</subfield>
    <subfield code="w">UK</subfield>
  </datafield>
  <datafield tag="773" ind1=" " ind2=" ">
    <subfield code="p">JCAP</subfield>
    <subfield code="v">1603</subfield>
    <subfield code="n">03</subfield>
    <subfield code="c">058</subfield>
    <subfield code="y">2016</subfield>
  </datafield>
  <datafield tag="856" ind1="4" ind2=" ">
    <subfield code="s">1245384</subfield>
    <subfield code="u">http://repo.scoap3.org/record/14990/files/fulltext.pdf</subfield>
  </datafield>
  <datafield tag="856" ind1="4" ind2=" ">
    <subfield code="s">65677</subfield>
    <subfield code="u">http://repo.scoap3.org/record/14990/files/fulltext.xml</subfield>
  </datafield>
  <datafield tag="909" ind1="C" ind2="O">
    <subfield code="o">oai:repo.scoap3.org:14990</subfield>
    <subfield code="p">GLOBAL_SET</subfield>
    <subfield code="p">JOURNAL_OF_COSMOLOGY_AND_ASTROPARTICLE_PHYSICS</subfield>
  </datafield>
  <datafield tag="980" ind1=" " ind2=" ">
    <subfield code="a">SCOAP3</subfield>
    <subfield code="b">IOP</subfield>
  </datafield>
</record>