
<record>
  <controlfield tag="001">14867</controlfield>
  <controlfield tag="005">20160329122656.0</controlfield>
  <datafield tag="022" ind1=" " ind2=" ">
    <subfield code="a">1475-7516</subfield>
  </datafield>
  <datafield tag="024" ind1="7" ind2=" ">
    <subfield code="a">10.1088/1475-7516/2016/03/038</subfield>
    <subfield code="2">DOI</subfield>
    <subfield code="t">2016-03-21T18:35:34Z</subfield>
  </datafield>
  <datafield tag="035" ind1=" " ind2=" ">
    <subfield code="a">1415728</subfield>
    <subfield code="9">INSPIRE</subfield>
  </datafield>
  <datafield tag="037" ind1=" " ind2=" ">
    <subfield code="a">arXiv:1601.04658</subfield>
    <subfield code="9">arXiv</subfield>
    <subfield code="a">arXiv:1601.04658</subfield>
  </datafield>
  <datafield tag="100" ind1=" " ind2=" ">
    <subfield code="a">Crisostomi, Marco</subfield>
    <subfield code="v">Institute of Cosmology and Gravitation, University of Portsmouth,  Burnaby Road, PO1 3FX, Portsmouth, U.K.</subfield>
    <subfield code="w">UK</subfield>
  </datafield>
  <datafield tag="245" ind1=" " ind2=" ">
    <subfield code="a">
Horndeski: beyond, or not beyond?</subfield>
  </datafield>
  <datafield tag="260" ind1=" " ind2=" ">
    <subfield code="c">2016-03-01</subfield>
    <subfield code="b">Institute of Physics Publishing/SISSA</subfield>
  </datafield>
  <datafield tag="520" ind1=" " ind2=" ">
    <subfield code="a">Determining the most general, consistent scalar tensor   theory of gravity is important for building models of inflation and   dark energy. In this work we investigate the number of degrees of   freedom present in the theory of beyond Horndeski.  We discuss how   to construct the theory from the extrinsic curvature of the constant   scalar field hypersurface, and find a simple expression for the   action which guarantees the existence of the primary constraint   necessary to avoid the Ostrogradsky instability.  Our analysis is completely   gauge-invariant.  However we confirm that, mixing together beyond   Horndeski with a different order of Horndeski, obstructs the   construction of this primary constraint.  Instead, when the mixing   is between actions of the same order, the theory can be mapped to   Horndeski through a generalised disformal transformation. This   mapping however is impossible with beyond Horndeski alone, since we   find that the theory is invariant under such a transformation.  The   picture that emerges is that beyond Horndeski is a healthy but   isolated theory: combined with Horndeski, it either becomes   Horndeski, or likely propagates a ghost.</subfield>
  </datafield>
  <datafield tag="540" ind1=" " ind2=" ">
    <subfield code="a">CC-BY-3.0</subfield>
    <subfield code="u">http://creativecommons.org/licenses/by/3.0/</subfield>
  </datafield>
  <datafield tag="542" ind1=" " ind2=" ">
    <subfield code="f"></subfield>
  </datafield>
  <datafield tag="591" ind1=" " ind2=" ">
    <subfield code="a">Category:1</subfield>
  </datafield>
  <datafield tag="591" ind1=" " ind2=" ">
    <subfield code="a">CC:1</subfield>
  </datafield>
  <datafield tag="591" ind1=" " ind2=" ">
    <subfield code="a">Authors:1</subfield>
  </datafield>
  <datafield tag="591" ind1=" " ind2=" ">
    <subfield code="a">SCOAP3:1</subfield>
  </datafield>
  <datafield tag="653" ind1="1" ind2=" ">
    <subfield code="a">gravity</subfield>
    <subfield code="9">author</subfield>
  </datafield>
  <datafield tag="653" ind1="1" ind2=" ">
    <subfield code="a">modified gravity</subfield>
    <subfield code="9">author</subfield>
  </datafield>
  <datafield tag="700" ind1=" " ind2=" ">
    <subfield code="a">Hull, Matthew</subfield>
    <subfield code="v">Institute of Cosmology and Gravitation, University of Portsmouth,  Burnaby Road, PO1 3FX, Portsmouth, U.K.</subfield>
    <subfield code="w">UK</subfield>
  </datafield>
  <datafield tag="700" ind1=" " ind2=" ">
    <subfield code="a">Koyama, Kazuya</subfield>
    <subfield code="v">Institute of Cosmology and Gravitation, University of Portsmouth,  Burnaby Road, PO1 3FX, Portsmouth, U.K.</subfield>
    <subfield code="w">UK</subfield>
  </datafield>
  <datafield tag="700" ind1=" " ind2=" ">
    <subfield code="a">Tasinato, Gianmassimo</subfield>
    <subfield code="v">Department of Physics, Swansea University,  Singleton Park, SA2 8PP, Swansea, U.K.</subfield>
    <subfield code="w">UK</subfield>
  </datafield>
  <datafield tag="773" ind1=" " ind2=" ">
    <subfield code="p">JCAP</subfield>
    <subfield code="v">1603</subfield>
    <subfield code="n">03</subfield>
    <subfield code="c">038</subfield>
    <subfield code="y">2016</subfield>
  </datafield>
  <datafield tag="856" ind1="4" ind2=" ">
    <subfield code="s">514193</subfield>
    <subfield code="u">http://repo.scoap3.org/record/14867/files/fulltext.pdf</subfield>
  </datafield>
  <datafield tag="856" ind1="4" ind2=" ">
    <subfield code="s">58869</subfield>
    <subfield code="u">http://repo.scoap3.org/record/14867/files/fulltext.xml</subfield>
  </datafield>
  <datafield tag="909" ind1="C" ind2="O">
    <subfield code="o">oai:repo.scoap3.org:14867</subfield>
    <subfield code="p">GLOBAL_SET</subfield>
    <subfield code="p">JOURNAL_OF_COSMOLOGY_AND_ASTROPARTICLE_PHYSICS</subfield>
  </datafield>
  <datafield tag="980" ind1=" " ind2=" ">
    <subfield code="a">SCOAP3</subfield>
    <subfield code="b">IOP</subfield>
  </datafield>
</record>