
<record>
  <controlfield tag="001">14695</controlfield>
  <controlfield tag="005">20160310132732.0</controlfield>
  <datafield tag="022" ind1=" " ind2=" ">
    <subfield code="a">1475-7516</subfield>
  </datafield>
  <datafield tag="024" ind1="7" ind2=" ">
    <subfield code="a">10.1088/1475-7516/2016/03/018</subfield>
    <subfield code="2">DOI</subfield>
    <subfield code="t">2016-03-08T20:03:22Z</subfield>
  </datafield>
  <datafield tag="035" ind1=" " ind2=" ">
    <subfield code="a">1401232</subfield>
    <subfield code="9">INSPIRE</subfield>
  </datafield>
  <datafield tag="037" ind1=" " ind2=" ">
    <subfield code="a">arXiv:1510.08063</subfield>
    <subfield code="9">arXiv</subfield>
  </datafield>
  <datafield tag="100" ind1=" " ind2=" ">
    <subfield code="a">Bernal, Nicolás</subfield>
    <subfield code="v">ICTP South American Institute of Fundamental Research,  Instituto de Física Teórica, Universidade Estadual Paulista,  São Paulo, Brazil</subfield>
    <subfield code="w">Brazil</subfield>
  </datafield>
  <datafield tag="245" ind1=" " ind2=" ">
    <subfield code="a">
Production regimes for Self-Interacting Dark Matter</subfield>
  </datafield>
  <datafield tag="260" ind1=" " ind2=" ">
    <subfield code="c">2016-03-01</subfield>
    <subfield code="b">Institute of Physics Publishing/SISSA</subfield>
  </datafield>
  <datafield tag="520" ind1=" " ind2=" ">
    <subfield code="a">In the context of Self-Interacting Dark Matter as a solution   for the small-scale structure problems, we consider the possibility   that Dark Matter could have been produced without being in thermal   equilibrium with the Standard Model bath.  We discuss one by one the   following various dark matter production regimes of this kind:   freeze-in, reannihilation and dark freeze-out.  We exemplify how   these mechanisms work in the context of the particularly simple   Hidden Vector Dark Matter model. In contrast to scenarios where   there is thermal equilibrium with the Standard Model bath, we find   two regimes which can easily satisfy all the laboratory and   cosmological constraints. These are dark freeze-out with 3-to-2   annihilations and freeze-in via a light mediator. In the first   regime, different temperatures in the visible and the Dark Matter   sectors allow us to avoid the constraints coming from cosmic   structure formation as well as the use of non-perturbative couplings   to reproduce the observed relic density. For the second regime,   different couplings are responsible for Dark Matter relic density   and self-interactions, permitting to surpass BBN, X-ray, CMB and   direct detection constraints.</subfield>
  </datafield>
  <datafield tag="540" ind1=" " ind2=" ">
    <subfield code="a">CC-BY-3.0</subfield>
    <subfield code="u">http://creativecommons.org/licenses/by/3.0/</subfield>
  </datafield>
  <datafield tag="542" ind1=" " ind2=" ">
    <subfield code="f"></subfield>
  </datafield>
  <datafield tag="591" ind1=" " ind2=" ">
    <subfield code="a">CC:1</subfield>
  </datafield>
  <datafield tag="591" ind1=" " ind2=" ">
    <subfield code="a">Authors:1</subfield>
  </datafield>
  <datafield tag="591" ind1=" " ind2=" ">
    <subfield code="a">SCOAP3:1</subfield>
  </datafield>
  <datafield tag="591" ind1=" " ind2=" ">
    <subfield code="a">Category:1</subfield>
  </datafield>
  <datafield tag="653" ind1="1" ind2=" ">
    <subfield code="a">dark matter theory</subfield>
    <subfield code="9">author</subfield>
  </datafield>
  <datafield tag="653" ind1="1" ind2=" ">
    <subfield code="a">particle physics - cosmology connection</subfield>
    <subfield code="9">author</subfield>
  </datafield>
  <datafield tag="700" ind1=" " ind2=" ">
    <subfield code="a">Chu, Xiaoyong</subfield>
    <subfield code="v">International Centre for Theoretical Physics, ICTP,  Strada Costiera 11, 34014 Trieste, Italy</subfield>
    <subfield code="w">Italy</subfield>
  </datafield>
  <datafield tag="700" ind1=" " ind2=" ">
    <subfield code="a">Garcia-Cely, Camilo</subfield>
    <subfield code="v">Service de Physique Théorique, Université Libre de Bruxelles,  Boulevard du Triomphe, CP225, 1050 Brussels, Belgium</subfield>
    <subfield code="w">Belgium</subfield>
  </datafield>
  <datafield tag="700" ind1=" " ind2=" ">
    <subfield code="a">Hambye, Thomas</subfield>
    <subfield code="v">Service de Physique Théorique, Université Libre de Bruxelles,  Boulevard du Triomphe, CP225, 1050 Brussels, Belgium</subfield>
    <subfield code="w">Belgium</subfield>
  </datafield>
  <datafield tag="700" ind1=" " ind2=" ">
    <subfield code="a">Zaldivar, Bryan</subfield>
    <subfield code="v">Service de Physique Théorique, Université Libre de Bruxelles,  Boulevard du Triomphe, CP225, 1050 Brussels, Belgium</subfield>
    <subfield code="v">LAPTh, Université de Savoie Mont Blanc,  CNRS, B.P.110, F-74941 Annecy-le-Vieux, France</subfield>
    <subfield code="w">Belgium</subfield>
    <subfield code="w">France</subfield>
  </datafield>
  <datafield tag="773" ind1=" " ind2=" ">
    <subfield code="p">JCAP</subfield>
    <subfield code="v">1603</subfield>
    <subfield code="n">03</subfield>
    <subfield code="c">018</subfield>
    <subfield code="y">2016</subfield>
  </datafield>
  <datafield tag="856" ind1="4" ind2=" ">
    <subfield code="s">136224</subfield>
    <subfield code="u">http://repo.scoap3.org/record/14695/files/fulltext.xml</subfield>
  </datafield>
  <datafield tag="856" ind1="4" ind2=" ">
    <subfield code="s">5311497</subfield>
    <subfield code="u">http://repo.scoap3.org/record/14695/files/fulltext.pdf</subfield>
  </datafield>
  <datafield tag="909" ind1="C" ind2="O">
    <subfield code="o">oai:repo.scoap3.org:14695</subfield>
    <subfield code="p">GLOBAL_SET</subfield>
    <subfield code="p">JOURNAL_OF_COSMOLOGY_AND_ASTROPARTICLE_PHYSICS</subfield>
  </datafield>
  <datafield tag="980" ind1=" " ind2=" ">
    <subfield code="a">SCOAP3</subfield>
    <subfield code="b">IOP</subfield>
  </datafield>
</record>