
<record>
  <controlfield tag="001">14374</controlfield>
  <controlfield tag="005">20160222113508.0</controlfield>
  <datafield tag="022" ind1=" " ind2=" ">
    <subfield code="a">1475-7516</subfield>
  </datafield>
  <datafield tag="024" ind1="7" ind2=" ">
    <subfield code="a">10.1088/1475-7516/2016/02/043</subfield>
    <subfield code="2">DOI</subfield>
    <subfield code="t">2016-02-22T10:36:00Z</subfield>
  </datafield>
  <datafield tag="035" ind1=" " ind2=" ">
    <subfield code="a">1408848</subfield>
    <subfield code="9">INSPIRE</subfield>
  </datafield>
  <datafield tag="037" ind1=" " ind2=" ">
    <subfield code="a">arXiv:1512.02801</subfield>
    <subfield code="9">arXiv</subfield>
  </datafield>
  <datafield tag="100" ind1=" " ind2=" ">
    <subfield code="a">Garcia-Cely, Camilo</subfield>
    <subfield code="v">Service de Physique Théorique, CP225, Université Libre de Bruxelles,  Bld du Triomphe,  Brussels, 1050 Belgium</subfield>
    <subfield code="w">Belgium</subfield>
  </datafield>
  <datafield tag="245" ind1=" " ind2=" ">
    <subfield code="a">
Probing the inert doublet dark matter model with Cherenkov telescopes</subfield>
  </datafield>
  <datafield tag="260" ind1=" " ind2=" ">
    <subfield code="c">2016-02-01</subfield>
    <subfield code="b">Institute of Physics Publishing/SISSA</subfield>
  </datafield>
  <datafield tag="520" ind1=" " ind2=" ">
    <subfield code="a">We present a detailed study of the annihilation signals  of the inert dark matter doublet model in its high mass regime. Concretely, we study the prospects to observe gamma-ray signals of the model in current and projected Cherenkov telescopes taking into account the Sommerfeld effect and including the contribution to the spectrum from gamma-ray lines as well as from internal bremsstrahlung. We show that  present observations of the galactic center by the H.E.S.S. instrument are able to exclude regions of the parameter space that give the correct dark matter relic abundance. In particular, models with the charged and the neutral components of the inert doublet nearly degenerate in mass have strong gamma-ray signals. Furthermore, for dark matter particle masses above 1 TeV, we find that the non-observation of the continuum of photons generated by the hadronization of the annihilation products  typically give stronger constraints on the model parameters than the sharp spectral features associated to annihilation into monochromatic photons and the internal bremsstrahlung process.  Lastly, we also analyze the interplay between  indirect and direct detection searches for this model, concluding that the prospects for the former are more promising. In particular, we find that  the upcoming Cherenkov Telescope Array will be able to probe a significant part of the high mass regime of the model.</subfield>
  </datafield>
  <datafield tag="540" ind1=" " ind2=" ">
    <subfield code="a">CC-BY-3.0</subfield>
    <subfield code="u">http://creativecommons.org/licenses/by/3.0/</subfield>
  </datafield>
  <datafield tag="542" ind1=" " ind2=" ">
    <subfield code="f"></subfield>
  </datafield>
  <datafield tag="591" ind1=" " ind2=" ">
    <subfield code="a">CC:1</subfield>
  </datafield>
  <datafield tag="591" ind1=" " ind2=" ">
    <subfield code="a">Authors:1</subfield>
  </datafield>
  <datafield tag="591" ind1=" " ind2=" ">
    <subfield code="a">SCOAP3:1</subfield>
  </datafield>
  <datafield tag="591" ind1=" " ind2=" ">
    <subfield code="a">Category:1</subfield>
  </datafield>
  <datafield tag="653" ind1="1" ind2=" ">
    <subfield code="a">dark matter experiments</subfield>
    <subfield code="9">author</subfield>
  </datafield>
  <datafield tag="653" ind1="1" ind2=" ">
    <subfield code="a">dark matter theory</subfield>
    <subfield code="9">author</subfield>
  </datafield>
  <datafield tag="653" ind1="1" ind2=" ">
    <subfield code="a">gamma ray experiments</subfield>
    <subfield code="9">author</subfield>
  </datafield>
  <datafield tag="653" ind1="1" ind2=" ">
    <subfield code="a">gamma ray detectors</subfield>
    <subfield code="9">author</subfield>
  </datafield>
  <datafield tag="700" ind1=" " ind2=" ">
    <subfield code="a">Gustafsson, Michael</subfield>
    <subfield code="v">Institute for theoretical Physics—Faculty of Physics, Georg-August University Göttingen,  Friedrich-Hund-Platz 1, Göttingen,  D-37077 Germany</subfield>
    <subfield code="w">Germany</subfield>
  </datafield>
  <datafield tag="700" ind1=" " ind2=" ">
    <subfield code="a">Ibarra, Alejandro</subfield>
    <subfield code="v">Physik-Department T30d, Technische Universität München,  James-Franck-Straße,  Garching, D-85748 Germany</subfield>
    <subfield code="w">Germany</subfield>
  </datafield>
  <datafield tag="773" ind1=" " ind2=" ">
    <subfield code="p">JCAP</subfield>
    <subfield code="v">1602</subfield>
    <subfield code="n">02</subfield>
    <subfield code="c">043</subfield>
    <subfield code="y">2016</subfield>
  </datafield>
  <datafield tag="856" ind1="4" ind2=" ">
    <subfield code="s">10457527</subfield>
    <subfield code="u">http://repo.scoap3.org/record/14374/files/fulltext.pdf</subfield>
  </datafield>
  <datafield tag="856" ind1="4" ind2=" ">
    <subfield code="s">93493</subfield>
    <subfield code="u">http://repo.scoap3.org/record/14374/files/fulltext.xml</subfield>
  </datafield>
  <datafield tag="909" ind1="C" ind2="O">
    <subfield code="o">oai:repo.scoap3.org:14374</subfield>
    <subfield code="p">GLOBAL_SET</subfield>
    <subfield code="p">JOURNAL_OF_COSMOLOGY_AND_ASTROPARTICLE_PHYSICS</subfield>
  </datafield>
  <datafield tag="980" ind1=" " ind2=" ">
    <subfield code="a">SCOAP3</subfield>
    <subfield code="b">IOP</subfield>
  </datafield>
</record>