
<record>
  <controlfield tag="001">14373</controlfield>
  <controlfield tag="005">20160222113508.0</controlfield>
  <datafield tag="022" ind1=" " ind2=" ">
    <subfield code="a">1475-7516</subfield>
  </datafield>
  <datafield tag="024" ind1="7" ind2=" ">
    <subfield code="a">10.1088/1475-7516/2016/02/041</subfield>
    <subfield code="2">DOI</subfield>
    <subfield code="t">2016-02-22T10:36:00Z</subfield>
  </datafield>
  <datafield tag="035" ind1=" " ind2=" ">
    <subfield code="a">1391968</subfield>
    <subfield code="9">INSPIRE</subfield>
  </datafield>
  <datafield tag="037" ind1=" " ind2=" ">
    <subfield code="a">arXiv:1509.01729</subfield>
    <subfield code="9">arXiv</subfield>
  </datafield>
  <datafield tag="100" ind1=" " ind2=" ">
    <subfield code="a">Kitajima, Naoya</subfield>
    <subfield code="v">Department of Physics, Tohoku University,    Sendai 980-8578, Japan</subfield>
    <subfield code="w">Japan</subfield>
  </datafield>
  <datafield tag="245" ind1=" " ind2=" ">
    <subfield code="a">
Disappearing inflaton potential via heavy field dynamics</subfield>
  </datafield>
  <datafield tag="260" ind1=" " ind2=" ">
    <subfield code="c">2016-02-01</subfield>
    <subfield code="b">Institute of Physics Publishing/SISSA</subfield>
  </datafield>
  <datafield tag="520" ind1=" " ind2=" ">
    <subfield code="a">We propose a possibility that the inflaton potential is significantly modified after inflation due to heavy field dynamics. During inflation  such a heavy scalar field may be stabilized at a value deviated from the low-energy minimum. In  extreme cases, the inflaton potential vanishes and the inflaton becomes almost massless at some time after inflation. Such transition of the inflaton potential has interesting implications for primordial density perturbations, reheating, creation of unwanted relics, dark radiation, and experimental search for light degrees of freedom. To be concrete, we consider a chaotic inflation in supergravity where the inflaton mass parameter is promoted to a modulus field, finding that the inflaton becomes stable after the transition and contributes to dark matter. Another example is a hilltop inflation (also called new inflation) by the MSSM Higgs field which acquires a large expectation value just after inflation, but it returns to the origin after the transition and finally rolls down to the electroweak vacuum. Interestingly, the smallness of the electroweak scale compared to the Planck scale is directly related to the flatness of the inflaton potential.</subfield>
  </datafield>
  <datafield tag="540" ind1=" " ind2=" ">
    <subfield code="a">CC-BY-3.0</subfield>
    <subfield code="u">http://creativecommons.org/licenses/by/3.0/</subfield>
  </datafield>
  <datafield tag="542" ind1=" " ind2=" ">
    <subfield code="f"></subfield>
  </datafield>
  <datafield tag="591" ind1=" " ind2=" ">
    <subfield code="a">CC:1</subfield>
  </datafield>
  <datafield tag="591" ind1=" " ind2=" ">
    <subfield code="a">Authors:1</subfield>
  </datafield>
  <datafield tag="591" ind1=" " ind2=" ">
    <subfield code="a">SCOAP3:1</subfield>
  </datafield>
  <datafield tag="591" ind1=" " ind2=" ">
    <subfield code="a">Category:1</subfield>
  </datafield>
  <datafield tag="653" ind1="1" ind2=" ">
    <subfield code="a">inflation</subfield>
    <subfield code="9">author</subfield>
  </datafield>
  <datafield tag="653" ind1="1" ind2=" ">
    <subfield code="a">particle physics - cosmology connection</subfield>
    <subfield code="9">author</subfield>
  </datafield>
  <datafield tag="653" ind1="1" ind2=" ">
    <subfield code="a">physics of the early universe</subfield>
    <subfield code="9">author</subfield>
  </datafield>
  <datafield tag="700" ind1=" " ind2=" ">
    <subfield code="a">Takahashi, Fuminobu</subfield>
    <subfield code="v">Department of Physics, Tohoku University,    Sendai 980-8578, Japan</subfield>
    <subfield code="v">Kavli Institute for the Physics and Mathematics of the Universe (WPI),    UTIAS,   University of Tokyo, Kashiwa 277-8583, Japan </subfield>
    <subfield code="w">Japan</subfield>
  </datafield>
  <datafield tag="773" ind1=" " ind2=" ">
    <subfield code="p">JCAP</subfield>
    <subfield code="v">1602</subfield>
    <subfield code="n">02</subfield>
    <subfield code="c">041</subfield>
    <subfield code="y">2016</subfield>
  </datafield>
  <datafield tag="856" ind1="4" ind2=" ">
    <subfield code="s">42845</subfield>
    <subfield code="u">http://repo.scoap3.org/record/14373/files/fulltext.xml</subfield>
  </datafield>
  <datafield tag="856" ind1="4" ind2=" ">
    <subfield code="s">565842</subfield>
    <subfield code="u">http://repo.scoap3.org/record/14373/files/fulltext.pdf</subfield>
  </datafield>
  <datafield tag="909" ind1="C" ind2="O">
    <subfield code="o">oai:repo.scoap3.org:14373</subfield>
    <subfield code="p">GLOBAL_SET</subfield>
    <subfield code="p">JOURNAL_OF_COSMOLOGY_AND_ASTROPARTICLE_PHYSICS</subfield>
  </datafield>
  <datafield tag="980" ind1=" " ind2=" ">
    <subfield code="a">SCOAP3</subfield>
    <subfield code="b">IOP</subfield>
  </datafield>
</record>