
<record>
  <controlfield tag="001">14355</controlfield>
  <controlfield tag="005">20160222113507.0</controlfield>
  <datafield tag="022" ind1=" " ind2=" ">
    <subfield code="a">1475-7516</subfield>
  </datafield>
  <datafield tag="024" ind1="7" ind2=" ">
    <subfield code="a">10.1088/1475-7516/2016/02/038</subfield>
    <subfield code="2">DOI</subfield>
    <subfield code="t">2016-02-22T10:36:00Z</subfield>
  </datafield>
  <datafield tag="035" ind1=" " ind2=" ">
    <subfield code="a">1405399</subfield>
    <subfield code="9">INSPIRE</subfield>
  </datafield>
  <datafield tag="037" ind1=" " ind2=" ">
    <subfield code="a">arXiv:1511.05967</subfield>
    <subfield code="9">arXiv</subfield>
    <subfield code="a">arXiv:1511.05967</subfield>
  </datafield>
  <datafield tag="100" ind1=" " ind2=" ">
    <subfield code="a">Queiroz, Farinaldo S.</subfield>
    <subfield code="v">Max-Planck-Institut fur Kernphysik,  Saupfercheckweg 1, 69117 Heidelberg, Germany</subfield>
    <subfield code="w">Germany</subfield>
  </datafield>
  <datafield tag="245" ind1=" " ind2=" ">
    <subfield code="a">
The CTA aims at the Inert Doublet Model</subfield>
  </datafield>
  <datafield tag="260" ind1=" " ind2=" ">
    <subfield code="c">2016-02-01</subfield>
    <subfield code="b">Institute of Physics Publishing/SISSA</subfield>
  </datafield>
  <datafield tag="520" ind1=" " ind2=" ">
    <subfield code="a">We show that the Cherenkov Telescope Array (CTA) can realistically challenge the Inert Doublet Model, one of the simplest and best known models of dark matter. Specifically, the CTA may exclude its heavy regime up to  dark matter masses of 800 GeV and probe a large fraction of the remaining viable parameter space at even higher masses.   Two features of the Inert Doublet Model make it particularly suitable for CTA searches. First, the dark matter mass (in the heavy regime) must be larger than 500 GeV. Second, the dark matter annihilation cross section, σ v, is always larger than the thermal one, reaching values as high as 10−25 cm3s−1. This higher value of  σv is the result of the unavoidable coannihilation effects that determine the relic density via thermal freeze-out in the early Universe.  We find that with 100 hours of Galactic Center exposure,  CTA's expected limit widely surpasses, even after the inclusion of systematic errors, current and projected bounds from Fermi-LAT and HESS on this model.</subfield>
  </datafield>
  <datafield tag="540" ind1=" " ind2=" ">
    <subfield code="a">CC-BY-3.0</subfield>
    <subfield code="u">http://creativecommons.org/licenses/by/3.0/</subfield>
  </datafield>
  <datafield tag="542" ind1=" " ind2=" ">
    <subfield code="f"></subfield>
  </datafield>
  <datafield tag="591" ind1=" " ind2=" ">
    <subfield code="a">Category:1</subfield>
  </datafield>
  <datafield tag="591" ind1=" " ind2=" ">
    <subfield code="a">CC:1</subfield>
  </datafield>
  <datafield tag="591" ind1=" " ind2=" ">
    <subfield code="a">Authors:0</subfield>
  </datafield>
  <datafield tag="591" ind1=" " ind2=" ">
    <subfield code="a">SCOAP3:1</subfield>
  </datafield>
  <datafield tag="653" ind1="1" ind2=" ">
    <subfield code="a">dark matter theory</subfield>
    <subfield code="9">author</subfield>
  </datafield>
  <datafield tag="653" ind1="1" ind2=" ">
    <subfield code="a">particle physics - cosmology connection</subfield>
    <subfield code="9">author</subfield>
  </datafield>
  <datafield tag="653" ind1="1" ind2=" ">
    <subfield code="a">gamma ray theory</subfield>
    <subfield code="9">author</subfield>
  </datafield>
  <datafield tag="700" ind1=" " ind2=" ">
    <subfield code="a">Yaguna, Carlos E.</subfield>
    <subfield code="v">Max-Planck-Institut fur Kernphysik,  Saupfercheckweg 1, 69117 Heidelberg, Germany</subfield>
    <subfield code="w">Germany</subfield>
  </datafield>
  <datafield tag="773" ind1=" " ind2=" ">
    <subfield code="p">JCAP</subfield>
    <subfield code="v">1602</subfield>
    <subfield code="n">02</subfield>
    <subfield code="c">038</subfield>
    <subfield code="y">2016</subfield>
  </datafield>
  <datafield tag="856" ind1="4" ind2=" ">
    <subfield code="s">1193782</subfield>
    <subfield code="u">http://repo.scoap3.org/record/14355/files/fulltext.pdf</subfield>
  </datafield>
  <datafield tag="856" ind1="4" ind2=" ">
    <subfield code="s">36034</subfield>
    <subfield code="u">http://repo.scoap3.org/record/14355/files/fulltext.xml</subfield>
  </datafield>
  <datafield tag="909" ind1="C" ind2="O">
    <subfield code="o">oai:repo.scoap3.org:14355</subfield>
    <subfield code="p">GLOBAL_SET</subfield>
    <subfield code="p">JOURNAL_OF_COSMOLOGY_AND_ASTROPARTICLE_PHYSICS</subfield>
  </datafield>
  <datafield tag="980" ind1=" " ind2=" ">
    <subfield code="a">SCOAP3</subfield>
    <subfield code="b">IOP</subfield>
  </datafield>
</record>