
<record>
  <controlfield tag="001">14354</controlfield>
  <controlfield tag="005">20160222113503.0</controlfield>
  <datafield tag="022" ind1=" " ind2=" ">
    <subfield code="a">1475-7516</subfield>
  </datafield>
  <datafield tag="024" ind1="7" ind2=" ">
    <subfield code="a">10.1088/1475-7516/2016/02/036</subfield>
    <subfield code="2">DOI</subfield>
    <subfield code="t">2016-02-22T10:36:00Z</subfield>
  </datafield>
  <datafield tag="035" ind1=" " ind2=" ">
    <subfield code="a">1394711</subfield>
    <subfield code="9">INSPIRE</subfield>
  </datafield>
  <datafield tag="037" ind1=" " ind2=" ">
    <subfield code="a">arXiv:1509.07339</subfield>
    <subfield code="9">arXiv</subfield>
    <subfield code="a">arXiv:1509.07339</subfield>
  </datafield>
  <datafield tag="100" ind1=" " ind2=" ">
    <subfield code="a">Garriga, Jaume</subfield>
    <subfield code="v">Departament de Física Fonamental i Institut de Ciències del Cosmos,  Universitat de Barcelona,  Martí i Franquès 1, 08028 Barcelona, Spain</subfield>
    <subfield code="v">Institute of Cosmology, Department of Physics and Astronomy, Tufts University,  Medford, MA 02155, U.S.A.</subfield>
    <subfield code="w">USA</subfield>
    <subfield code="w">Spain</subfield>
  </datafield>
  <datafield tag="245" ind1=" " ind2=" ">
    <subfield code="a">δN formalism from superpotential and holography</subfield>
  </datafield>
  <datafield tag="260" ind1=" " ind2=" ">
    <subfield code="c">2016-02-01</subfield>
    <subfield code="b">Institute of Physics Publishing/SISSA</subfield>
  </datafield>
  <datafield tag="520" ind1=" " ind2=" ">
    <subfield code="a">We consider the superpotential formalism to describe the evolution of D scalar fields during inflation, generalizing it to include the case with non-canonical kinetic terms. We provide a characterization of the attractor behaviour of the background evolution in terms of first and second slow-roll parameters (which need not be small). We find that the superpotential is useful in justifying the separate universe approximation from the gradient expansion, and also in computing the spectra of primordial perturbations around attractor solutions in the δN formalism. As an application, we consider a class of models where the background trajectories for the inflaton fields are derived from a product separable superpotential. In the perspective of the holographic inflation scenario,  such models are dual to a deformed CFT boundary theory,  with D mutually uncorrelated deformation operators. We compute the bulk power spectra of primordial adiabatic and entropy cosmological perturbations, and show that the results agree with the ones obtained by using conformal perturbation theory in the dual picture.</subfield>
  </datafield>
  <datafield tag="540" ind1=" " ind2=" ">
    <subfield code="a">CC-BY-3.0</subfield>
    <subfield code="u">http://creativecommons.org/licenses/by/3.0/</subfield>
  </datafield>
  <datafield tag="542" ind1=" " ind2=" ">
    <subfield code="f"></subfield>
  </datafield>
  <datafield tag="591" ind1=" " ind2=" ">
    <subfield code="a">Category:1</subfield>
  </datafield>
  <datafield tag="591" ind1=" " ind2=" ">
    <subfield code="a">CC:1</subfield>
  </datafield>
  <datafield tag="591" ind1=" " ind2=" ">
    <subfield code="a">Authors:1</subfield>
  </datafield>
  <datafield tag="591" ind1=" " ind2=" ">
    <subfield code="a">SCOAP3:1</subfield>
  </datafield>
  <datafield tag="653" ind1="1" ind2=" ">
    <subfield code="a">cosmological perturbation theory</subfield>
    <subfield code="9">author</subfield>
  </datafield>
  <datafield tag="653" ind1="1" ind2=" ">
    <subfield code="a">inflation</subfield>
    <subfield code="9">author</subfield>
  </datafield>
  <datafield tag="700" ind1=" " ind2=" ">
    <subfield code="a">Urakawa, Yuko</subfield>
    <subfield code="v">Department of Physics and Astrophysics, Nagoya University,  Chikusa, Nagoya 464-8602, Japan</subfield>
    <subfield code="v">School of Natural Sciences, Institute for Advanced Study,  Olden Lane, Princeton, NJ 08540, U.S.A.</subfield>
    <subfield code="w">Japan</subfield>
    <subfield code="w">USA</subfield>
  </datafield>
  <datafield tag="700" ind1=" " ind2=" ">
    <subfield code="a">Vernizzi, Filippo</subfield>
    <subfield code="v">Institut de physique théorique, Université  Paris Saclay, CEA, CNRS,  91191 Gif-sur-Yvette, France</subfield>
    <subfield code="v">Physics Department, Theory Unit, CERN,  CH-1211 Genève 23, Switzerland</subfield>
    <subfield code="w">CERN</subfield>
    <subfield code="w">France</subfield>
  </datafield>
  <datafield tag="773" ind1=" " ind2=" ">
    <subfield code="p">JCAP</subfield>
    <subfield code="v">1602</subfield>
    <subfield code="n">02</subfield>
    <subfield code="c">036</subfield>
    <subfield code="y">2016</subfield>
  </datafield>
  <datafield tag="856" ind1="4" ind2=" ">
    <subfield code="s">114906</subfield>
    <subfield code="u">http://repo.scoap3.org/record/14354/files/fulltext.xml</subfield>
  </datafield>
  <datafield tag="856" ind1="4" ind2=" ">
    <subfield code="s">681352</subfield>
    <subfield code="u">http://repo.scoap3.org/record/14354/files/fulltext.pdf</subfield>
  </datafield>
  <datafield tag="909" ind1="C" ind2="O">
    <subfield code="o">oai:repo.scoap3.org:14354</subfield>
    <subfield code="p">GLOBAL_SET</subfield>
    <subfield code="p">JOURNAL_OF_COSMOLOGY_AND_ASTROPARTICLE_PHYSICS</subfield>
  </datafield>
  <datafield tag="980" ind1=" " ind2=" ">
    <subfield code="a">SCOAP3</subfield>
    <subfield code="b">IOP</subfield>
  </datafield>
</record>