
<record>
  <controlfield tag="001">13648</controlfield>
  <controlfield tag="005">20160127162539.0</controlfield>
  <datafield tag="022" ind1=" " ind2=" ">
    <subfield code="a">1475-7516</subfield>
  </datafield>
  <datafield tag="024" ind1="7" ind2=" ">
    <subfield code="a">10.1088/1475-7516/2016/01/052</subfield>
    <subfield code="2">DOI</subfield>
  </datafield>
  <datafield tag="035" ind1=" " ind2=" ">
    <subfield code="a">1393972</subfield>
    <subfield code="9">INSPIRE</subfield>
  </datafield>
  <datafield tag="037" ind1=" " ind2=" ">
    <subfield code="a">arXiv:1509.05652</subfield>
    <subfield code="9">arXiv</subfield>
  </datafield>
  <datafield tag="100" ind1=" " ind2=" ">
    <subfield code="a">Bezyazeekov, P.A.</subfield>
    <subfield code="v">Institute of Applied Physics, Irkutsk State University (ISU),  Blvd Gagarina 20, Irkutsk, Russia</subfield>
    <subfield code="w">Russia</subfield>
  </datafield>
  <datafield tag="245" ind1=" " ind2=" ">
    <subfield code="a">
Radio measurements of the energy and the depth of the shower maximum of cosmic-ray air showers by Tunka-Rex</subfield>
  </datafield>
  <datafield tag="260" ind1=" " ind2=" ">
    <subfield code="c">2016-01-01</subfield>
    <subfield code="b">Institute of Physics Publishing/SISSA</subfield>
  </datafield>
  <datafield tag="520" ind1=" " ind2=" ">
    <subfield code="a">We reconstructed the energy and the position of the shower maximum of air showers with energies E ≳ 100 PeV applying a method using radio measurements performed with Tunka-Rex. An event-to-event comparison to air-Cherenkov measurements of the same air showers with the Tunka-133 photomultiplier array confirms that the radio reconstruction works reliably. The Tunka-Rex reconstruction methods and absolute scales have been tuned on CoREAS simulations and yield energy and Xmax values consistent with the Tunka-133 measurements. The results of two independent measurement seasons agree within statistical uncertainties, which gives additional confidence in the radio reconstruction. The energy precision of Tunka-Rex is comparable to the Tunka-133 precision of 15%, and exhibits a 20% uncertainty on the absolute scale dominated by the amplitude calibration of the antennas. For Xmax, this is the first direct experimental correlation of radio measurements with a different, established method. At the moment, the Xmax resolution of Tunka-Rex is approximately 40 g/cm2. This resolution can probably be improved by deploying additional antennas and by further development of the reconstruction methods, since the present analysis does not yet reveal any principle limitations. </subfield>
  </datafield>
  <datafield tag="540" ind1=" " ind2=" ">
    <subfield code="a">CC-BY-3.0</subfield>
    <subfield code="u">http://creativecommons.org/licenses/by/3.0/</subfield>
  </datafield>
  <datafield tag="542" ind1=" " ind2=" ">
    <subfield code="f"></subfield>
  </datafield>
  <datafield tag="591" ind1=" " ind2=" ">
    <subfield code="a">CC:1</subfield>
  </datafield>
  <datafield tag="591" ind1=" " ind2=" ">
    <subfield code="a">Authors:1</subfield>
  </datafield>
  <datafield tag="591" ind1=" " ind2=" ">
    <subfield code="a">SCOAP3:1</subfield>
  </datafield>
  <datafield tag="591" ind1=" " ind2=" ">
    <subfield code="a">Category:1</subfield>
  </datafield>
  <datafield tag="653" ind1="1" ind2=" ">
    <subfield code="a">cosmic rays detectors</subfield>
    <subfield code="9">author</subfield>
  </datafield>
  <datafield tag="653" ind1="1" ind2=" ">
    <subfield code="a">cosmic ray experiments</subfield>
    <subfield code="9">author</subfield>
  </datafield>
  <datafield tag="653" ind1="1" ind2=" ">
    <subfield code="a">ultra high energy cosmic rays</subfield>
    <subfield code="9">author</subfield>
  </datafield>
  <datafield tag="700" ind1=" " ind2=" ">
    <subfield code="a">Budnev, N.M.</subfield>
    <subfield code="v">Institute of Applied Physics, Irkutsk State University (ISU),  Blvd Gagarina 20, Irkutsk, Russia</subfield>
    <subfield code="w">Russia</subfield>
  </datafield>
  <datafield tag="700" ind1=" " ind2=" ">
    <subfield code="a">Gress, O.A.</subfield>
    <subfield code="v">Institute of Applied Physics, Irkutsk State University (ISU),  Blvd Gagarina 20, Irkutsk, Russia</subfield>
    <subfield code="w">Russia</subfield>
  </datafield>
  <datafield tag="700" ind1=" " ind2=" ">
    <subfield code="a">Haungs, A.</subfield>
    <subfield code="v">Institute for Nuclear Physics (IKP), Karlsruhe Institute of Technology (KIT),  Hermann-von-Helmholtz-Platz 1, 76344 Eggenstein-Leopoldshafen, Germany</subfield>
    <subfield code="w">Germany</subfield>
  </datafield>
  <datafield tag="700" ind1=" " ind2=" ">
    <subfield code="a">Hiller, R.</subfield>
    <subfield code="v">Institute for Nuclear Physics (IKP), Karlsruhe Institute of Technology (KIT),  Hermann-von-Helmholtz-Platz 1, 76344 Eggenstein-Leopoldshafen, Germany</subfield>
    <subfield code="w">Germany</subfield>
  </datafield>
  <datafield tag="700" ind1=" " ind2=" ">
    <subfield code="a">Huege, T.</subfield>
    <subfield code="v">Institute for Nuclear Physics (IKP), Karlsruhe Institute of Technology (KIT),  Hermann-von-Helmholtz-Platz 1, 76344 Eggenstein-Leopoldshafen, Germany</subfield>
    <subfield code="w">Germany</subfield>
  </datafield>
  <datafield tag="700" ind1=" " ind2=" ">
    <subfield code="a">Kazarina, Y.</subfield>
    <subfield code="v">Institute of Applied Physics, Irkutsk State University (ISU),  Blvd Gagarina 20, Irkutsk, Russia</subfield>
    <subfield code="w">Russia</subfield>
  </datafield>
  <datafield tag="700" ind1=" " ind2=" ">
    <subfield code="a">Kleifges, M.</subfield>
    <subfield code="v">Institute for Data Processing and Electronics (IPE),  Karlsruhe Institute of Technology (KIT),  Hermann-von-Helmholtz-Platz 1, 76344 Eggenstein-Leopoldshafen, Germany</subfield>
    <subfield code="w">Germany</subfield>
  </datafield>
  <datafield tag="700" ind1=" " ind2=" ">
    <subfield code="a">Konstantinov, E.N.</subfield>
    <subfield code="v">Institute of Applied Physics, Irkutsk State University (ISU),  Blvd Gagarina 20, Irkutsk, Russia</subfield>
    <subfield code="w">Russia</subfield>
  </datafield>
  <datafield tag="700" ind1=" " ind2=" ">
    <subfield code="a">Korosteleva, E.E.</subfield>
    <subfield code="v">Skobeltsyn Institute of Nuclear Physics, Moscow State University (MSU),  Leninskie gory, GSP-1, Moscow 119991, Russia</subfield>
    <subfield code="w">Russia</subfield>
  </datafield>
  <datafield tag="700" ind1=" " ind2=" ">
    <subfield code="a">Kostunin, D.</subfield>
    <subfield code="v">Institute for Nuclear Physics (IKP), Karlsruhe Institute of Technology (KIT),  Hermann-von-Helmholtz-Platz 1, 76344 Eggenstein-Leopoldshafen, Germany</subfield>
    <subfield code="w">Germany</subfield>
  </datafield>
  <datafield tag="700" ind1=" " ind2=" ">
    <subfield code="a">Krömer, O.</subfield>
    <subfield code="v">Institute for Data Processing and Electronics (IPE),  Karlsruhe Institute of Technology (KIT),  Hermann-von-Helmholtz-Platz 1, 76344 Eggenstein-Leopoldshafen, Germany</subfield>
    <subfield code="w">Germany</subfield>
  </datafield>
  <datafield tag="700" ind1=" " ind2=" ">
    <subfield code="a">Kuzmichev, L.A.</subfield>
    <subfield code="v">Skobeltsyn Institute of Nuclear Physics, Moscow State University (MSU),  Leninskie gory, GSP-1, Moscow 119991, Russia</subfield>
    <subfield code="w">Russia</subfield>
  </datafield>
  <datafield tag="700" ind1=" " ind2=" ">
    <subfield code="a">Lubsandorzhiev, N.</subfield>
    <subfield code="v">Skobeltsyn Institute of Nuclear Physics, Moscow State University (MSU),  Leninskie gory, GSP-1, Moscow 119991, Russia</subfield>
    <subfield code="w">Russia</subfield>
  </datafield>
  <datafield tag="700" ind1=" " ind2=" ">
    <subfield code="a">Mirgazov, R.R.</subfield>
    <subfield code="v">Institute of Applied Physics, Irkutsk State University (ISU),  Blvd Gagarina 20, Irkutsk, Russia</subfield>
    <subfield code="w">Russia</subfield>
  </datafield>
  <datafield tag="700" ind1=" " ind2=" ">
    <subfield code="a">Monkhoev, R.</subfield>
    <subfield code="v">Institute of Applied Physics, Irkutsk State University (ISU),  Blvd Gagarina 20, Irkutsk, Russia</subfield>
    <subfield code="w">Russia</subfield>
  </datafield>
  <datafield tag="700" ind1=" " ind2=" ">
    <subfield code="a">Pakhorukov, A.</subfield>
    <subfield code="v">Institute of Applied Physics, Irkutsk State University (ISU),  Blvd Gagarina 20, Irkutsk, Russia</subfield>
    <subfield code="w">Russia</subfield>
  </datafield>
  <datafield tag="700" ind1=" " ind2=" ">
    <subfield code="a">Pankov, L.</subfield>
    <subfield code="v">Institute of Applied Physics, Irkutsk State University (ISU),  Blvd Gagarina 20, Irkutsk, Russia</subfield>
    <subfield code="w">Russia</subfield>
  </datafield>
  <datafield tag="700" ind1=" " ind2=" ">
    <subfield code="a">Prosin, V.V.</subfield>
    <subfield code="v">Skobeltsyn Institute of Nuclear Physics, Moscow State University (MSU),  Leninskie gory, GSP-1, Moscow 119991, Russia</subfield>
    <subfield code="w">Russia</subfield>
  </datafield>
  <datafield tag="700" ind1=" " ind2=" ">
    <subfield code="a">Rubtsov, G.I.</subfield>
    <subfield code="v">Institute for Nuclear Research of the Russian Academy of Sciences,  60th October Anniversary st. 7a, Moscow, Russia</subfield>
    <subfield code="w">Russia</subfield>
  </datafield>
  <datafield tag="700" ind1=" " ind2=" ">
    <subfield code="a">Schröder, F.G.</subfield>
    <subfield code="v">Institute for Nuclear Physics (IKP), Karlsruhe Institute of Technology (KIT),  Hermann-von-Helmholtz-Platz 1, 76344 Eggenstein-Leopoldshafen, Germany</subfield>
    <subfield code="w">Germany</subfield>
  </datafield>
  <datafield tag="700" ind1=" " ind2=" ">
    <subfield code="a">Wischnewski, R.</subfield>
    <subfield code="v">Deutsches Elektronen-Synchrotron (DESY),  Platanenallee 6, 15738 Zeuthen, Germany</subfield>
    <subfield code="w">Germany</subfield>
  </datafield>
  <datafield tag="700" ind1=" " ind2=" ">
    <subfield code="a">Zagorodnikov, A.</subfield>
    <subfield code="v">Institute of Applied Physics, Irkutsk State University (ISU),  Blvd Gagarina 20, Irkutsk, Russia</subfield>
    <subfield code="w">Russia</subfield>
  </datafield>
  <datafield tag="773" ind1=" " ind2=" ">
    <subfield code="p">JCAP</subfield>
    <subfield code="v">1601</subfield>
    <subfield code="n">01</subfield>
    <subfield code="c">052</subfield>
    <subfield code="y">2016</subfield>
  </datafield>
  <datafield tag="856" ind1="4" ind2=" ">
    <subfield code="s">1055994</subfield>
    <subfield code="u">http://repo.scoap3.org/record/13648/files/fulltext.pdf</subfield>
  </datafield>
  <datafield tag="856" ind1="4" ind2=" ">
    <subfield code="s">73892</subfield>
    <subfield code="u">http://repo.scoap3.org/record/13648/files/fulltext.xml</subfield>
  </datafield>
  <datafield tag="909" ind1="C" ind2="O">
    <subfield code="o">oai:repo.scoap3.org:13648</subfield>
    <subfield code="p">GLOBAL_SET</subfield>
    <subfield code="p">JOURNAL_OF_COSMOLOGY_AND_ASTROPARTICLE_PHYSICS</subfield>
  </datafield>
  <datafield tag="980" ind1=" " ind2=" ">
    <subfield code="a">SCOAP3</subfield>
    <subfield code="b">IOP</subfield>
  </datafield>
</record>