
<record>
  <controlfield tag="001">13446</controlfield>
  <controlfield tag="005">20160115210906.0</controlfield>
  <datafield tag="022" ind1=" " ind2=" ">
    <subfield code="a">1475-7516</subfield>
  </datafield>
  <datafield tag="024" ind1="7" ind2=" ">
    <subfield code="a">10.1088/1475-7516/2016/01/026</subfield>
    <subfield code="2">DOI</subfield>
  </datafield>
  <datafield tag="035" ind1=" " ind2=" ">
    <subfield code="a">1397592</subfield>
    <subfield code="9">INSPIRE</subfield>
  </datafield>
  <datafield tag="037" ind1=" " ind2=" ">
    <subfield code="a">arXiv:1510.03439</subfield>
    <subfield code="9">arXiv</subfield>
  </datafield>
  <datafield tag="100" ind1=" " ind2=" ">
    <subfield code="a">Fertig, Angelika</subfield>
    <subfield code="v">Max-Planck-Institute for Gravitational Physics  (Albert-Einstein-Institute),   14476 Potsdam, Germany</subfield>
    <subfield code="w">Germany</subfield>
  </datafield>
  <datafield tag="245" ind1=" " ind2=" ">
    <subfield code="a">
The non-minimal ekpyrotic trispectrum</subfield>
  </datafield>
  <datafield tag="260" ind1=" " ind2=" ">
    <subfield code="c">2016-01-01</subfield>
    <subfield code="b">Institute of Physics Publishing/SISSA</subfield>
  </datafield>
  <datafield tag="520" ind1=" " ind2=" ">
    <subfield code="a">Employing the covariant formalism, we derive the evolution   equations for two scalar fields with non-canonical field space   metric up to third order in perturbation theory. These equations can   be used to derive predictions for local bi- and trispectra of   multi-field cosmological models. Our main application is to   ekpyrotic models in which the primordial curvature perturbations are   generated via the non-minimal entropic mechanism. In these models,   nearly scale-invariant entropy perturbations are generated first due   to a non-minimal kinetic coupling between two scalar fields, and   subsequently these perturbations are converted into curvature   perturbations. Remarkably, the entropy perturbations have vanishing   bi- and trispectra during the ekpyrotic phase. However, as we show,   the conversion process to curvature perturbations induces local   non-Gaussianity parameters fNL and gNL at levels that   should be detectable by near-future observations. In fact, in order   to obtain a large enough amplitude and small enough bispectrum of   the curvature perturbations, as seen in current measurements, the   conversion process must be very efficient. Interestingly, for such   efficient conversions the trispectrum parameter gNL remains   negative and typically of a magnitude 𝒪(102)–𝒪(103),   resulting in a distinguishing feature of non-minimally coupled   ekpyrotic models.</subfield>
  </datafield>
  <datafield tag="540" ind1=" " ind2=" ">
    <subfield code="a">CC-BY-3.0</subfield>
    <subfield code="u">http://creativecommons.org/licenses/by/3.0/</subfield>
  </datafield>
  <datafield tag="542" ind1=" " ind2=" ">
    <subfield code="f"></subfield>
  </datafield>
  <datafield tag="591" ind1=" " ind2=" ">
    <subfield code="a">CC:1</subfield>
  </datafield>
  <datafield tag="591" ind1=" " ind2=" ">
    <subfield code="a">Authors:1</subfield>
  </datafield>
  <datafield tag="591" ind1=" " ind2=" ">
    <subfield code="a">SCOAP3:1</subfield>
  </datafield>
  <datafield tag="591" ind1=" " ind2=" ">
    <subfield code="a">Category:1</subfield>
  </datafield>
  <datafield tag="653" ind1="1" ind2=" ">
    <subfield code="a">cosmological perturbation theory</subfield>
    <subfield code="9">author</subfield>
  </datafield>
  <datafield tag="653" ind1="1" ind2=" ">
    <subfield code="a">physics of the early universe</subfield>
    <subfield code="9">author</subfield>
  </datafield>
  <datafield tag="653" ind1="1" ind2=" ">
    <subfield code="a">non-gaussianity</subfield>
    <subfield code="9">author</subfield>
  </datafield>
  <datafield tag="653" ind1="1" ind2=" ">
    <subfield code="a">alternatives to inflation</subfield>
    <subfield code="9">author</subfield>
  </datafield>
  <datafield tag="700" ind1=" " ind2=" ">
    <subfield code="a">Lehners, Jean-Luc</subfield>
    <subfield code="v">Max-Planck-Institute for Gravitational Physics  (Albert-Einstein-Institute),   14476 Potsdam, Germany</subfield>
    <subfield code="w">Germany</subfield>
  </datafield>
  <datafield tag="773" ind1=" " ind2=" ">
    <subfield code="p">JCAP</subfield>
    <subfield code="v">1601</subfield>
    <subfield code="n">01</subfield>
    <subfield code="c">026</subfield>
    <subfield code="y">2016</subfield>
  </datafield>
  <datafield tag="856" ind1="4" ind2=" ">
    <subfield code="s">124793</subfield>
    <subfield code="u">http://repo.scoap3.org/record/13446/files/fulltext.xml</subfield>
  </datafield>
  <datafield tag="856" ind1="4" ind2=" ">
    <subfield code="s">2311059</subfield>
    <subfield code="u">http://repo.scoap3.org/record/13446/files/fulltext.pdf</subfield>
  </datafield>
  <datafield tag="909" ind1="C" ind2="O">
    <subfield code="o">oai:repo.scoap3.org:13446</subfield>
    <subfield code="p">GLOBAL_SET</subfield>
    <subfield code="p">JOURNAL_OF_COSMOLOGY_AND_ASTROPARTICLE_PHYSICS</subfield>
  </datafield>
  <datafield tag="980" ind1=" " ind2=" ">
    <subfield code="a">SCOAP3</subfield>
    <subfield code="b">IOP</subfield>
  </datafield>
</record>