
<record>
  <controlfield tag="001">13445</controlfield>
  <controlfield tag="005">20160115210905.0</controlfield>
  <datafield tag="022" ind1=" " ind2=" ">
    <subfield code="a">1475-7516</subfield>
  </datafield>
  <datafield tag="024" ind1="7" ind2=" ">
    <subfield code="a">10.1088/1475-7516/2016/01/028</subfield>
    <subfield code="2">DOI</subfield>
  </datafield>
  <datafield tag="035" ind1=" " ind2=" ">
    <subfield code="a">1385273</subfield>
    <subfield code="9">INSPIRE</subfield>
  </datafield>
  <datafield tag="037" ind1=" " ind2=" ">
    <subfield code="a">arXiv:1507.07569</subfield>
    <subfield code="9">arXiv</subfield>
  </datafield>
  <datafield tag="100" ind1=" " ind2=" ">
    <subfield code="a">Chakraborty, S.</subfield>
    <subfield code="v">Max-Planck-Institut für Physik (Werner-Heisenberg-Institut),  Föhringer Ring 6, 80805 München, Germany</subfield>
    <subfield code="w">Germany</subfield>
  </datafield>
  <datafield tag="245" ind1=" " ind2=" ">
    <subfield code="a">
Self-induced flavor conversion of supernova neutrinos on small scales</subfield>
  </datafield>
  <datafield tag="260" ind1=" " ind2=" ">
    <subfield code="c">2016-01-01</subfield>
    <subfield code="b">Institute of Physics Publishing/SISSA</subfield>
  </datafield>
  <datafield tag="520" ind1=" " ind2=" ">
    <subfield code="a">Self-induced flavor conversion of supernova (SN) neutrinos   is a generic feature of neutrino-neutrino dispersion. The   corresponding run-away modes in flavor space can spontaneously break   the original symmetries of the neutrino flux and in particular can   spontaneously produce small-scale features as shown in recent   schematic studies. However, the unavoidable ``multi-angle matter   effect'' shifts these small-scale instabilities into regions of   matter and neutrino density which are not encountered on the way out   from a SN. The traditional modes which are uniform on the largest   scales are most prone for instabilities and thus provide the most   sensitive test for the appearance of self-induced flavor conversion.   As a by-product we clarify the relation between   the time evolution of an expanding neutrino gas and the radial   evolution of a stationary SN neutrino flux. Our results depend on several   simplifying assumptions, notably stationarity of the solution, the   absence of a ``backward'' neutrino flux caused by residual   scattering, and global spherical symmetry of emission.</subfield>
  </datafield>
  <datafield tag="540" ind1=" " ind2=" ">
    <subfield code="a">CC-BY-3.0</subfield>
    <subfield code="u">http://creativecommons.org/licenses/by/3.0/</subfield>
  </datafield>
  <datafield tag="542" ind1=" " ind2=" ">
    <subfield code="f"></subfield>
  </datafield>
  <datafield tag="591" ind1=" " ind2=" ">
    <subfield code="a">CC:1</subfield>
  </datafield>
  <datafield tag="591" ind1=" " ind2=" ">
    <subfield code="a">Authors:1</subfield>
  </datafield>
  <datafield tag="591" ind1=" " ind2=" ">
    <subfield code="a">SCOAP3:1</subfield>
  </datafield>
  <datafield tag="591" ind1=" " ind2=" ">
    <subfield code="a">Category:1</subfield>
  </datafield>
  <datafield tag="653" ind1="1" ind2=" ">
    <subfield code="a">core-collapse supernovas</subfield>
    <subfield code="9">author</subfield>
  </datafield>
  <datafield tag="653" ind1="1" ind2=" ">
    <subfield code="a">supernova neutrinos</subfield>
    <subfield code="9">author</subfield>
  </datafield>
  <datafield tag="700" ind1=" " ind2=" ">
    <subfield code="a">Hansen, R. S.</subfield>
    <subfield code="v">Department of Physics and Astronomy, University of Aarhus,  8000 Aarhus C, Denmark</subfield>
    <subfield code="w">Denmark</subfield>
  </datafield>
  <datafield tag="700" ind1=" " ind2=" ">
    <subfield code="a">Izaguirre, I.</subfield>
    <subfield code="v">Max-Planck-Institut für Physik (Werner-Heisenberg-Institut),  Föhringer Ring 6, 80805 München, Germany</subfield>
    <subfield code="w">Germany</subfield>
  </datafield>
  <datafield tag="700" ind1=" " ind2=" ">
    <subfield code="a">Raffelt, G.G.</subfield>
    <subfield code="v">Max-Planck-Institut für Physik (Werner-Heisenberg-Institut),  Föhringer Ring 6, 80805 München, Germany</subfield>
    <subfield code="w">Germany</subfield>
  </datafield>
  <datafield tag="773" ind1=" " ind2=" ">
    <subfield code="p">JCAP</subfield>
    <subfield code="v">1601</subfield>
    <subfield code="n">01</subfield>
    <subfield code="c">028</subfield>
    <subfield code="y">2016</subfield>
  </datafield>
  <datafield tag="856" ind1="4" ind2=" ">
    <subfield code="s">149353</subfield>
    <subfield code="u">http://repo.scoap3.org/record/13445/files/fulltext.xml</subfield>
  </datafield>
  <datafield tag="856" ind1="4" ind2=" ">
    <subfield code="s">4125180</subfield>
    <subfield code="u">http://repo.scoap3.org/record/13445/files/fulltext.pdf</subfield>
  </datafield>
  <datafield tag="909" ind1="C" ind2="O">
    <subfield code="o">oai:repo.scoap3.org:13445</subfield>
    <subfield code="p">GLOBAL_SET</subfield>
    <subfield code="p">JOURNAL_OF_COSMOLOGY_AND_ASTROPARTICLE_PHYSICS</subfield>
  </datafield>
  <datafield tag="980" ind1=" " ind2=" ">
    <subfield code="a">SCOAP3</subfield>
    <subfield code="b">IOP</subfield>
  </datafield>
</record>