
<record>
  <controlfield tag="001">13320</controlfield>
  <controlfield tag="005">20160105171510.0</controlfield>
  <datafield tag="022" ind1=" " ind2=" ">
    <subfield code="a">1475-7516</subfield>
  </datafield>
  <datafield tag="024" ind1="7" ind2=" ">
    <subfield code="a">10.1088/1475-7516/2016/01/001</subfield>
    <subfield code="2">DOI</subfield>
  </datafield>
  <datafield tag="035" ind1=" " ind2=" ">
    <subfield code="a">1391259</subfield>
    <subfield code="9">INSPIRE</subfield>
  </datafield>
  <datafield tag="037" ind1=" " ind2=" ">
    <subfield code="a">arXiv:1509.00024</subfield>
    <subfield code="9">arXiv</subfield>
  </datafield>
  <datafield tag="100" ind1=" " ind2=" ">
    <subfield code="a">Broy, Benedict J.</subfield>
    <subfield code="v">Deutsches Elektronen-Synchrotron DESY, Theory Group,   22603 Hamburg, Germany</subfield>
    <subfield code="w">Germany</subfield>
  </datafield>
  <datafield tag="245" ind1=" " ind2=" ">
    <subfield code="a">
 Starobinsky-type inflation from α′-corrections</subfield>
  </datafield>
  <datafield tag="260" ind1=" " ind2=" ">
    <subfield code="c">2016-01-01</subfield>
    <subfield code="b">Institute of Physics Publishing/SISSA</subfield>
  </datafield>
  <datafield tag="520" ind1=" " ind2=" ">
    <subfield code="a">Working in the Large Volume Scenario (LVS) of IIB Calabi-Yau   flux compactifications, we construct inflationary models from   recently computed higher derivative   (α′)3-corrections. Inflation is driven by a Kähler modulus   whose potential arises from the aforementioned corrections, while we   use the inclusion of string loop effects just to ensure the   existence of a graceful exit when necessary. The effective inflaton   potential takes a Starobinsky-type form V=V0(1−e−νϕ)2,   where we obtain one set-up with ν=−1/√3 and one with   ν=2/√3 corresponding to inflation occurring for increasing   or decreasing ϕ respectively. The inflationary observables are   thus in perfect agreement with PLANCK, while the two scenarios   remain observationally distinguishable via slightly varying   predictions for the tensor-to-scalar ratio r. Both set-ups yield   r≃ (2… 7) × 10−3. They hence realise inflation   with moderately large fields (Δϕ∼ 6 MPl) without saturating the Lyth bound. Control over   higher corrections relies in part on tuning underlying microscopic   parameters, and in part on intrinsic suppressions. The intrinsic   part of control arises as a leftover from an approximate effective   shift symmetry at parametrically large volume.</subfield>
  </datafield>
  <datafield tag="540" ind1=" " ind2=" ">
    <subfield code="a">CC-BY-3.0</subfield>
    <subfield code="u">http://creativecommons.org/licenses/by/3.0/</subfield>
  </datafield>
  <datafield tag="542" ind1=" " ind2=" ">
    <subfield code="f"></subfield>
  </datafield>
  <datafield tag="591" ind1=" " ind2=" ">
    <subfield code="a">CC:1</subfield>
  </datafield>
  <datafield tag="591" ind1=" " ind2=" ">
    <subfield code="a">Authors:1</subfield>
  </datafield>
  <datafield tag="591" ind1=" " ind2=" ">
    <subfield code="a">SCOAP3:1</subfield>
  </datafield>
  <datafield tag="591" ind1=" " ind2=" ">
    <subfield code="a">Category:1</subfield>
  </datafield>
  <datafield tag="653" ind1="1" ind2=" ">
    <subfield code="a">string theory and cosmology</subfield>
    <subfield code="9">author</subfield>
  </datafield>
  <datafield tag="653" ind1="1" ind2=" ">
    <subfield code="a">inflation</subfield>
    <subfield code="9">author</subfield>
  </datafield>
  <datafield tag="653" ind1="1" ind2=" ">
    <subfield code="a">cosmological applications of theories with extra dimensions</subfield>
    <subfield code="9">author</subfield>
  </datafield>
  <datafield tag="700" ind1=" " ind2=" ">
    <subfield code="a">Ciupke, David</subfield>
    <subfield code="v">Deutsches Elektronen-Synchrotron DESY, Theory Group,   22603 Hamburg, Germany</subfield>
    <subfield code="w">Germany</subfield>
  </datafield>
  <datafield tag="700" ind1=" " ind2=" ">
    <subfield code="a">Pedro, Francisco G.</subfield>
    <subfield code="v">Departamento de Física Teórica and Instituto de Física Teórica  UAM-CSIC,  Universidad Autónoma de Madrid,   Cantoblanco, 28049 Madrid, Spain</subfield>
    <subfield code="w">Spain</subfield>
  </datafield>
  <datafield tag="700" ind1=" " ind2=" ">
    <subfield code="a">Westphal, Alexander</subfield>
    <subfield code="v">Deutsches Elektronen-Synchrotron DESY, Theory Group,   22603 Hamburg, Germany</subfield>
    <subfield code="w">Germany</subfield>
  </datafield>
  <datafield tag="773" ind1=" " ind2=" ">
    <subfield code="p">JCAP</subfield>
    <subfield code="v">1601</subfield>
    <subfield code="n">01</subfield>
    <subfield code="c">001</subfield>
    <subfield code="y">2016</subfield>
  </datafield>
  <datafield tag="856" ind1="4" ind2=" ">
    <subfield code="s">610150</subfield>
    <subfield code="u">http://repo.scoap3.org/record/13320/files/fulltext.pdf</subfield>
  </datafield>
  <datafield tag="856" ind1="4" ind2=" ">
    <subfield code="s">80945</subfield>
    <subfield code="u">http://repo.scoap3.org/record/13320/files/fulltext.xml</subfield>
  </datafield>
  <datafield tag="909" ind1="C" ind2="O">
    <subfield code="o">oai:repo.scoap3.org:13320</subfield>
    <subfield code="p">GLOBAL_SET</subfield>
    <subfield code="p">JOURNAL_OF_COSMOLOGY_AND_ASTROPARTICLE_PHYSICS</subfield>
  </datafield>
  <datafield tag="980" ind1=" " ind2=" ">
    <subfield code="a">SCOAP3</subfield>
    <subfield code="b">IOP</subfield>
  </datafield>
</record>