
<record>
  <controlfield tag="001">13256</controlfield>
  <controlfield tag="005">20160315001612.0</controlfield>
  <datafield tag="022" ind1=" " ind2=" ">
    <subfield code="a">1475-7516</subfield>
  </datafield>
  <datafield tag="024" ind1="7" ind2=" ">
    <subfield code="a">10.1088/1475-7516/2015/12/055</subfield>
    <subfield code="2">DOI</subfield>
  </datafield>
  <datafield tag="035" ind1=" " ind2=" ">
    <subfield code="a">1381529</subfield>
    <subfield code="9">INSPIRE</subfield>
  </datafield>
  <datafield tag="037" ind1=" " ind2=" ">
    <subfield code="a">arXiv:1507.01000</subfield>
    <subfield code="9">arXiv</subfield>
    <subfield code="a">arXiv:1507.01000</subfield>
  </datafield>
  <datafield tag="100" ind1=" " ind2=" ">
    <subfield code="a">Boucenna, Sofiane M.</subfield>
    <subfield code="v">INFN, Laboratori Nazionali di Frascati,  C.P. 13,  Frascati, I-00044 Italy</subfield>
    <subfield code="w">Italy</subfield>
  </datafield>
  <datafield tag="245" ind1=" " ind2=" ">
    <subfield code="a">
Decaying leptophilic dark matter at IceCube</subfield>
  </datafield>
  <datafield tag="260" ind1=" " ind2=" ">
    <subfield code="c">2015-12-01</subfield>
    <subfield code="b">Institute of Physics Publishing/SISSA</subfield>
  </datafield>
  <datafield tag="520" ind1=" " ind2=" ">
    <subfield code="a">We present a novel interpretation of IceCube high energy neutrino events (with energy larger than 60 TeV) in terms of an extraterrestrial flux due to  two different contributions: a flux originated by known astrophysical sources and dominating IceCube observations up to few hundreds TeV, and a new flux component where the most energetic neutrinos come from the leptophilic three-body decays of dark matter particles with a mass of few PeV. Differently from other approaches, we provide two examples of elementary particle models that do not require extremely tiny coupling constants. We find the compatibility of the theoretical predictions with the IceCube results when the astrophysical flux has a cutoff of the order of 100 TeV (broken power law). In this case the most energetic part of the spectrum (PeV neutrinos) is due to an extra component such as the decay of a very massive dark matter component. Due to the low statistics at our disposal we  have considered for simplicity the equivalence between deposited and neutrino energy, however such approximation does not affect dramatically the qualitative results. Of course,  a purely astrophysical origin of the neutrino flux (no cutoff in energy below the PeV scale—unbroken power law) is still allowed. If future data will confirm the presence of a sharp cutoff above few PeV this would be in favor of a dark matter interpretation.</subfield>
  </datafield>
  <datafield tag="540" ind1=" " ind2=" ">
    <subfield code="a">CC-BY-3.0</subfield>
    <subfield code="u">http://creativecommons.org/licenses/by/3.0/</subfield>
  </datafield>
  <datafield tag="542" ind1=" " ind2=" ">
    <subfield code="f"></subfield>
  </datafield>
  <datafield tag="591" ind1=" " ind2=" ">
    <subfield code="a">Category:1</subfield>
  </datafield>
  <datafield tag="591" ind1=" " ind2=" ">
    <subfield code="a">CC:1</subfield>
  </datafield>
  <datafield tag="591" ind1=" " ind2=" ">
    <subfield code="a">Authors:1</subfield>
  </datafield>
  <datafield tag="591" ind1=" " ind2=" ">
    <subfield code="a">SCOAP3:1</subfield>
  </datafield>
  <datafield tag="653" ind1="1" ind2=" ">
    <subfield code="a">ultra high energy photons and neutrinos</subfield>
    <subfield code="9">author</subfield>
  </datafield>
  <datafield tag="653" ind1="1" ind2=" ">
    <subfield code="a">dark matter theory</subfield>
    <subfield code="9">author</subfield>
  </datafield>
  <datafield tag="653" ind1="1" ind2=" ">
    <subfield code="a">particle physics - cosmology connection</subfield>
    <subfield code="9">author</subfield>
  </datafield>
  <datafield tag="700" ind1=" " ind2=" ">
    <subfield code="a">Chianese, Marco</subfield>
    <subfield code="v">Dipartimento di Fisica, Università di Napoli ``Federico II'',  Complesso Univ. Monte S. Angelo, Via Cinthia,  Napoli, I-80126 Italy</subfield>
    <subfield code="v">INFN, Sezione di Napoli, Complesso Univ. Monte S. Angelo,  Via Cinthia,  Napoli, I-80126 Italy</subfield>
    <subfield code="w">Italy</subfield>
  </datafield>
  <datafield tag="700" ind1=" " ind2=" ">
    <subfield code="a">Mangano, Gianpiero</subfield>
    <subfield code="v">INFN, Sezione di Napoli, Complesso Univ. Monte S. Angelo,  Via Cinthia,  Napoli, I-80126 Italy</subfield>
    <subfield code="w">Italy</subfield>
  </datafield>
  <datafield tag="700" ind1=" " ind2=" ">
    <subfield code="a">Miele, Gennaro</subfield>
    <subfield code="v">Dipartimento di Fisica, Università di Napoli ``Federico II'',  Complesso Univ. Monte S. Angelo, Via Cinthia,  Napoli, I-80126 Italy</subfield>
    <subfield code="v">INFN, Sezione di Napoli, Complesso Univ. Monte S. Angelo,  Via Cinthia,  Napoli, I-80126 Italy</subfield>
    <subfield code="w">Italy</subfield>
  </datafield>
  <datafield tag="700" ind1=" " ind2=" ">
    <subfield code="a">Morisi, Stefano</subfield>
    <subfield code="v">Dipartimento di Fisica, Università di Napoli ``Federico II'',  Complesso Univ. Monte S. Angelo, Via Cinthia,  Napoli, I-80126 Italy</subfield>
    <subfield code="v">INFN, Sezione di Napoli, Complesso Univ. Monte S. Angelo,  Via Cinthia,  Napoli, I-80126 Italy</subfield>
    <subfield code="w">Italy</subfield>
  </datafield>
  <datafield tag="700" ind1=" " ind2=" ">
    <subfield code="a">Pisanti, Ofelia</subfield>
    <subfield code="v">Dipartimento di Fisica, Università di Napoli ``Federico II'',  Complesso Univ. Monte S. Angelo, Via Cinthia,  Napoli, I-80126 Italy</subfield>
    <subfield code="v">INFN, Sezione di Napoli, Complesso Univ. Monte S. Angelo,  Via Cinthia,  Napoli, I-80126 Italy</subfield>
    <subfield code="w">Italy</subfield>
  </datafield>
  <datafield tag="700" ind1=" " ind2=" ">
    <subfield code="a">Vitagliano, Edoardo</subfield>
    <subfield code="v">Dipartimento di Fisica, Università di Napoli ``Federico II'',  Complesso Univ. Monte S. Angelo, Via Cinthia,  Napoli, I-80126 Italy</subfield>
    <subfield code="w">Italy</subfield>
  </datafield>
  <datafield tag="773" ind1=" " ind2=" ">
    <subfield code="p">JCAP</subfield>
    <subfield code="v">1512</subfield>
    <subfield code="n">12</subfield>
    <subfield code="c">055</subfield>
    <subfield code="y">2015</subfield>
  </datafield>
  <datafield tag="856" ind1="4" ind2=" ">
    <subfield code="s">69890</subfield>
    <subfield code="u">http://repo.scoap3.org/record/13256/files/fulltext.xml</subfield>
  </datafield>
  <datafield tag="856" ind1="4" ind2=" ">
    <subfield code="s">831365</subfield>
    <subfield code="u">http://repo.scoap3.org/record/13256/files/fulltext.pdf</subfield>
  </datafield>
  <datafield tag="909" ind1="C" ind2="O">
    <subfield code="o">oai:repo.scoap3.org:13256</subfield>
    <subfield code="p">GLOBAL_SET</subfield>
    <subfield code="p">JOURNAL_OF_COSMOLOGY_AND_ASTROPARTICLE_PHYSICS</subfield>
  </datafield>
  <datafield tag="980" ind1=" " ind2=" ">
    <subfield code="a">SCOAP3</subfield>
    <subfield code="b">IOP</subfield>
  </datafield>
</record>