
<record>
  <controlfield tag="001">13129</controlfield>
  <controlfield tag="005">20160315001612.0</controlfield>
  <datafield tag="022" ind1=" " ind2=" ">
    <subfield code="a">1475-7516</subfield>
  </datafield>
  <datafield tag="024" ind1="7" ind2=" ">
    <subfield code="a">10.1088/1475-7516/2015/12/040</subfield>
    <subfield code="2">DOI</subfield>
  </datafield>
  <datafield tag="035" ind1=" " ind2=" ">
    <subfield code="a">1394844</subfield>
    <subfield code="9">INSPIRE</subfield>
  </datafield>
  <datafield tag="037" ind1=" " ind2=" ">
    <subfield code="a">arXiv:1509.07748</subfield>
    <subfield code="9">arXiv</subfield>
    <subfield code="a">arXiv:1509.07748</subfield>
  </datafield>
  <datafield tag="100" ind1=" " ind2=" ">
    <subfield code="a">Cicoli, Michele</subfield>
    <subfield code="v">ICTP,   Strada Costiera 11, Trieste 34014, Italy</subfield>
    <subfield code="v">Dipartimento di Fisica e Astronomia, Università di Bologna,   via Irnerio 46, 40126 Bologna, Italy</subfield>
    <subfield code="v">INFN, Sezione di Bologna,   via Irnerio 46, 40126 Bologna, Italy</subfield>
    <subfield code="w">Italy</subfield>
  </datafield>
  <datafield tag="245" ind1=" " ind2=" ">
    <subfield code="a">
Microscopic origin of volume modulus inflation</subfield>
  </datafield>
  <datafield tag="260" ind1=" " ind2=" ">
    <subfield code="c">2015-12-01</subfield>
    <subfield code="b">Institute of Physics Publishing/SISSA</subfield>
  </datafield>
  <datafield tag="520" ind1=" " ind2=" ">
    <subfield code="a">High-scale string inflationary models are in well-known   tension with low-energy supersymmetry. A promising solution involves   models where the inflaton is the volume of the extra dimensions so   that the gravitino mass relaxes from large values during inflation   to smaller values today. We describe a possible microscopic origin   of the scalar potential of volume modulus inflation by exploiting   non-perturbative effects, string loop and higher derivative   perturbative corrections to the supergravity effective action   together with contributions from anti-branes and charged hidden   matter fields. We also analyse the relation between the size of the   flux superpotential and the position of the late-time minimum and   the inflection point around which inflation takes place. We perform   a detailed study of the inflationary dynamics for a single modulus   and a two moduli case where we also analyse the sensitivity of the   cosmological observables on the choice of initial conditions.</subfield>
  </datafield>
  <datafield tag="540" ind1=" " ind2=" ">
    <subfield code="a">CC-BY-3.0</subfield>
    <subfield code="u">http://creativecommons.org/licenses/by/3.0/</subfield>
  </datafield>
  <datafield tag="542" ind1=" " ind2=" ">
    <subfield code="f"></subfield>
  </datafield>
  <datafield tag="591" ind1=" " ind2=" ">
    <subfield code="a">Category:1</subfield>
  </datafield>
  <datafield tag="591" ind1=" " ind2=" ">
    <subfield code="a">CC:1</subfield>
  </datafield>
  <datafield tag="591" ind1=" " ind2=" ">
    <subfield code="a">Authors:1</subfield>
  </datafield>
  <datafield tag="591" ind1=" " ind2=" ">
    <subfield code="a">SCOAP3:1</subfield>
  </datafield>
  <datafield tag="653" ind1="1" ind2=" ">
    <subfield code="a">cosmology with extra dimensions</subfield>
    <subfield code="9">author</subfield>
  </datafield>
  <datafield tag="653" ind1="1" ind2=" ">
    <subfield code="a">string theory and cosmology</subfield>
    <subfield code="9">author</subfield>
  </datafield>
  <datafield tag="653" ind1="1" ind2=" ">
    <subfield code="a">inflation</subfield>
    <subfield code="9">author</subfield>
  </datafield>
  <datafield tag="653" ind1="1" ind2=" ">
    <subfield code="a">supersymmetry and cosmology</subfield>
    <subfield code="9">author</subfield>
  </datafield>
  <datafield tag="700" ind1=" " ind2=" ">
    <subfield code="a">Muia, Francesco</subfield>
    <subfield code="v">Dipartimento di Fisica e Astronomia, Università di Bologna,   via Irnerio 46, 40126 Bologna, Italy</subfield>
    <subfield code="v">INFN, Sezione di Bologna,   via Irnerio 46, 40126 Bologna, Italy</subfield>
    <subfield code="w">Italy</subfield>
  </datafield>
  <datafield tag="700" ind1=" " ind2=" ">
    <subfield code="a">Pedro, Francisco Gil</subfield>
    <subfield code="v">Departamento de Fisica Teórica UAM  and Instituto de Fisica Teórica UAM/CSIC,   Universidad Autónoma de Madrid, Cantoblanco, 28049 Madrid, Spain</subfield>
    <subfield code="w">Spain</subfield>
  </datafield>
  <datafield tag="773" ind1=" " ind2=" ">
    <subfield code="p">JCAP</subfield>
    <subfield code="v">1512</subfield>
    <subfield code="n">12</subfield>
    <subfield code="c">040</subfield>
    <subfield code="y">2015</subfield>
  </datafield>
  <datafield tag="856" ind1="4" ind2=" ">
    <subfield code="s">5256683</subfield>
    <subfield code="u">http://repo.scoap3.org/record/13129/files/fulltext.pdf</subfield>
  </datafield>
  <datafield tag="856" ind1="4" ind2=" ">
    <subfield code="s">76473</subfield>
    <subfield code="u">http://repo.scoap3.org/record/13129/files/fulltext.xml</subfield>
  </datafield>
  <datafield tag="909" ind1="C" ind2="O">
    <subfield code="o">oai:repo.scoap3.org:13129</subfield>
    <subfield code="p">GLOBAL_SET</subfield>
    <subfield code="p">JOURNAL_OF_COSMOLOGY_AND_ASTROPARTICLE_PHYSICS</subfield>
  </datafield>
  <datafield tag="980" ind1=" " ind2=" ">
    <subfield code="a">SCOAP3</subfield>
    <subfield code="b">IOP</subfield>
  </datafield>
</record>