
<record>
  <controlfield tag="001">13079</controlfield>
  <controlfield tag="005">20160315001612.0</controlfield>
  <datafield tag="022" ind1=" " ind2=" ">
    <subfield code="a">1475-7516</subfield>
  </datafield>
  <datafield tag="024" ind1="7" ind2=" ">
    <subfield code="a">10.1088/1475-7516/2015/12/032</subfield>
    <subfield code="2">DOI</subfield>
  </datafield>
  <datafield tag="035" ind1=" " ind2=" ">
    <subfield code="a">1393299</subfield>
    <subfield code="9">INSPIRE</subfield>
  </datafield>
  <datafield tag="037" ind1=" " ind2=" ">
    <subfield code="a">arXiv:1509.04036</subfield>
    <subfield code="9">arXiv</subfield>
    <subfield code="a">arXiv:1509.04036</subfield>
  </datafield>
  <datafield tag="100" ind1=" " ind2=" ">
    <subfield code="a">Rodejohann, Werner</subfield>
    <subfield code="v">Max-Planck-Institute für Kernphysik,  Saupfercheckweg 1, 69117 Heidelberg, Germany</subfield>
    <subfield code="w">Germany</subfield>
  </datafield>
  <datafield tag="245" ind1=" " ind2=" ">
    <subfield code="a">
 Scalar dark matter in the B−L model</subfield>
  </datafield>
  <datafield tag="260" ind1=" " ind2=" ">
    <subfield code="c">2015-12-01</subfield>
    <subfield code="b">Institute of Physics Publishing/SISSA</subfield>
  </datafield>
  <datafield tag="520" ind1=" " ind2=" ">
    <subfield code="a">The U(1)B−L extension of the Standard Model requires   the existence of right-handed neutrinos and naturally realizes the   seesaw mechanism of neutrino mass generation.  We study the   possibility of explaining the dark matter in this model with an   additional scalar field, ϕDM, that is a singlet of the   Standard Model but charged under U(1)B−L. An advantage of this   scenario is that the stability of ϕDM can be guaranteed by   appropriately choosing its B−L charge, without the need of an   extra ad hoc discrete symmetry. We investigate in detail the dark   matter phenomenology of this model. We show that the observed dark   matter density can be obtained via gauge or scalar interactions, and   that semi-annihilations could play an important role in the latter   case. The regions consistent with the dark matter density are   determined in each instance and the prospects for detection in   future experiments are analyzed. If dark matter annihilations are   controlled by the B−L gauge interaction, the mass of the dark   matter particle should lie below 5 TeV and its direct detection   cross section can be easily probed by XENON1T; if instead they are   controlled by scalar interactions, the dark matter mass can be much   larger and the detection prospects are less certain.  Finally, we   show that this scenario can be readily extended to accommodate   multiple dark matter particles.</subfield>
  </datafield>
  <datafield tag="540" ind1=" " ind2=" ">
    <subfield code="a">CC-BY-3.0</subfield>
    <subfield code="u">http://creativecommons.org/licenses/by/3.0/</subfield>
  </datafield>
  <datafield tag="542" ind1=" " ind2=" ">
    <subfield code="f"></subfield>
  </datafield>
  <datafield tag="591" ind1=" " ind2=" ">
    <subfield code="a">Category:1</subfield>
  </datafield>
  <datafield tag="591" ind1=" " ind2=" ">
    <subfield code="a">CC:1</subfield>
  </datafield>
  <datafield tag="591" ind1=" " ind2=" ">
    <subfield code="a">Authors:1</subfield>
  </datafield>
  <datafield tag="591" ind1=" " ind2=" ">
    <subfield code="a">SCOAP3:1</subfield>
  </datafield>
  <datafield tag="653" ind1="1" ind2=" ">
    <subfield code="a">dark matter experiments</subfield>
    <subfield code="9">author</subfield>
  </datafield>
  <datafield tag="653" ind1="1" ind2=" ">
    <subfield code="a">dark matter theory</subfield>
    <subfield code="9">author</subfield>
  </datafield>
  <datafield tag="653" ind1="1" ind2=" ">
    <subfield code="a">neutrino theory</subfield>
    <subfield code="9">author</subfield>
  </datafield>
  <datafield tag="700" ind1=" " ind2=" ">
    <subfield code="a">Yaguna, Carlos E.</subfield>
    <subfield code="v">Max-Planck-Institute für Kernphysik,  Saupfercheckweg 1, 69117 Heidelberg, Germany</subfield>
    <subfield code="w">Germany</subfield>
  </datafield>
  <datafield tag="773" ind1=" " ind2=" ">
    <subfield code="p">JCAP</subfield>
    <subfield code="v">1512</subfield>
    <subfield code="n">12</subfield>
    <subfield code="c">032</subfield>
    <subfield code="y">2015</subfield>
  </datafield>
  <datafield tag="856" ind1="4" ind2=" ">
    <subfield code="s">1008123</subfield>
    <subfield code="u">http://repo.scoap3.org/record/13079/files/fulltext.pdf</subfield>
  </datafield>
  <datafield tag="856" ind1="4" ind2=" ">
    <subfield code="s">58007</subfield>
    <subfield code="u">http://repo.scoap3.org/record/13079/files/fulltext.xml</subfield>
  </datafield>
  <datafield tag="909" ind1="C" ind2="O">
    <subfield code="o">oai:repo.scoap3.org:13079</subfield>
    <subfield code="p">GLOBAL_SET</subfield>
    <subfield code="p">JOURNAL_OF_COSMOLOGY_AND_ASTROPARTICLE_PHYSICS</subfield>
  </datafield>
  <datafield tag="980" ind1=" " ind2=" ">
    <subfield code="a">SCOAP3</subfield>
    <subfield code="b">IOP</subfield>
  </datafield>
</record>