
<record>
  <controlfield tag="001">13048</controlfield>
  <controlfield tag="005">20160315001612.0</controlfield>
  <datafield tag="022" ind1=" " ind2=" ">
    <subfield code="a">1475-7516</subfield>
  </datafield>
  <datafield tag="024" ind1="7" ind2=" ">
    <subfield code="a">10.1088/1475-7516/2015/12/026</subfield>
    <subfield code="2">DOI</subfield>
  </datafield>
  <datafield tag="035" ind1=" " ind2=" ">
    <subfield code="a">1371813</subfield>
    <subfield code="9">INSPIRE</subfield>
  </datafield>
  <datafield tag="037" ind1=" " ind2=" ">
    <subfield code="a">arXiv:1505.05146</subfield>
    <subfield code="9">arXiv</subfield>
    <subfield code="a">arXiv:1505.05146</subfield>
  </datafield>
  <datafield tag="100" ind1=" " ind2=" ">
    <subfield code="a">Blanchet, Luc</subfield>
    <subfield code="v">GRECO Institut   d'Astrophysique de Paris—UMR 7095 du CNRS,  Université Pierre   &amp; Marie Curie,  98$^\textbis$ boulevard Arago, 75014   Paris, France</subfield>
    <subfield code="w">France</subfield>
  </datafield>
  <datafield tag="245" ind1=" " ind2=" ">
    <subfield code="a">
Dipolar dark matter with massive bigravity</subfield>
  </datafield>
  <datafield tag="260" ind1=" " ind2=" ">
    <subfield code="c">2015-12-01</subfield>
    <subfield code="b">Institute of Physics Publishing/SISSA</subfield>
  </datafield>
  <datafield tag="520" ind1=" " ind2=" ">
    <subfield code="a">Massive gravity theories have been developed as viable IR   modifications of gravity motivated by dark energy and the problem of   the cosmological constant. On the other hand, modified gravity and   modified dark matter theories were developed with the aim of solving   the problems of standard cold dark matter at galactic scales. Here   we propose to adapt the framework of ghost-free massive bigravity   theories to reformulate the problem of dark matter at galactic   scales. We investigate a promising alternative to dark matter called   dipolar dark matter (DDM) in which two different species of dark   matter are separately coupled to the two metrics of bigravity and   are linked together by an internal vector field. We show that this   model successfully reproduces the phenomenology of dark matter at   galactic scales (i.e. MOND) as a result of a mechanism of   gravitational polarisation. The model is safe in the gravitational   sector, but because of the particular couplings of the matter     fields and vector field to the metrics, a ghost in the decoupling     limit is present in the dark matter sector. However, it might be possible     to push the mass of the ghost beyond the strong coupling scale by     an appropriate choice of the parameters of the model. Crucial questions to     address in future work are the exact mass of the ghost, and the     cosmological implications of the model.</subfield>
  </datafield>
  <datafield tag="540" ind1=" " ind2=" ">
    <subfield code="a">CC-BY-3.0</subfield>
    <subfield code="u">http://creativecommons.org/licenses/by/3.0/</subfield>
  </datafield>
  <datafield tag="542" ind1=" " ind2=" ">
    <subfield code="f"></subfield>
  </datafield>
  <datafield tag="591" ind1=" " ind2=" ">
    <subfield code="a">Category:1</subfield>
  </datafield>
  <datafield tag="591" ind1=" " ind2=" ">
    <subfield code="a">CC:1</subfield>
  </datafield>
  <datafield tag="591" ind1=" " ind2=" ">
    <subfield code="a">Authors:1</subfield>
  </datafield>
  <datafield tag="591" ind1=" " ind2=" ">
    <subfield code="a">SCOAP3:1</subfield>
  </datafield>
  <datafield tag="653" ind1="1" ind2=" ">
    <subfield code="a">dark energy theory</subfield>
    <subfield code="9">author</subfield>
  </datafield>
  <datafield tag="653" ind1="1" ind2=" ">
    <subfield code="a">dark matter theory</subfield>
    <subfield code="9">author</subfield>
  </datafield>
  <datafield tag="653" ind1="1" ind2=" ">
    <subfield code="a">gravity</subfield>
    <subfield code="9">author</subfield>
  </datafield>
  <datafield tag="653" ind1="1" ind2=" ">
    <subfield code="a">modified gravity</subfield>
    <subfield code="9">author</subfield>
  </datafield>
  <datafield tag="700" ind1=" " ind2=" ">
    <subfield code="a">Heisenberg, Lavinia</subfield>
    <subfield code="v">Nordita, KTH Royal Institute of Technology and Stockholm University,  Roslagstullsbacken 23, 10691 Stockholm, Sweden</subfield>
    <subfield code="v">Department of Physics &amp; The Oskar Klein Centre, AlbaNova University Centre,  Roslagstullsbacken 21, 10691 Stockholm, Sweden</subfield>
    <subfield code="w">Sweden</subfield>
  </datafield>
  <datafield tag="773" ind1=" " ind2=" ">
    <subfield code="p">JCAP</subfield>
    <subfield code="v">1512</subfield>
    <subfield code="n">12</subfield>
    <subfield code="c">026</subfield>
    <subfield code="y">2015</subfield>
  </datafield>
  <datafield tag="856" ind1="4" ind2=" ">
    <subfield code="s">421794</subfield>
    <subfield code="u">http://repo.scoap3.org/record/13048/files/fulltext.pdf</subfield>
  </datafield>
  <datafield tag="856" ind1="4" ind2=" ">
    <subfield code="s">90715</subfield>
    <subfield code="u">http://repo.scoap3.org/record/13048/files/fulltext.xml</subfield>
  </datafield>
  <datafield tag="909" ind1="C" ind2="O">
    <subfield code="o">oai:repo.scoap3.org:13048</subfield>
    <subfield code="p">GLOBAL_SET</subfield>
    <subfield code="p">JOURNAL_OF_COSMOLOGY_AND_ASTROPARTICLE_PHYSICS</subfield>
  </datafield>
  <datafield tag="980" ind1=" " ind2=" ">
    <subfield code="a">SCOAP3</subfield>
    <subfield code="b">IOP</subfield>
  </datafield>
</record>