
<record>
  <controlfield tag="001">13047</controlfield>
  <controlfield tag="005">20160315001612.0</controlfield>
  <datafield tag="022" ind1=" " ind2=" ">
    <subfield code="a">1475-7516</subfield>
  </datafield>
  <datafield tag="024" ind1="7" ind2=" ">
    <subfield code="a">10.1088/1475-7516/2015/12/027</subfield>
    <subfield code="2">DOI</subfield>
  </datafield>
  <datafield tag="035" ind1=" " ind2=" ">
    <subfield code="a">1387741</subfield>
    <subfield code="9">INSPIRE</subfield>
  </datafield>
  <datafield tag="037" ind1=" " ind2=" ">
    <subfield code="a">arXiv:1508.03293</subfield>
    <subfield code="9">arXiv</subfield>
    <subfield code="a">arXiv:1508.03293</subfield>
  </datafield>
  <datafield tag="100" ind1=" " ind2=" ">
    <subfield code="a">Akhshik, Mohammad</subfield>
    <subfield code="v">School of Astronomy, Institute for Research in Fundamental Sciences (IPM),   P.O. Box 19395-5531, Tehran, Iran</subfield>
    <subfield code="v">Department of Physics, Sharif University of Technology,   Tehran, Iran</subfield>
    <subfield code="w">Iran</subfield>
  </datafield>
  <datafield tag="245" ind1=" " ind2=" ">
    <subfield code="a">
Cosmological perturbations and the Weinberg theorem</subfield>
  </datafield>
  <datafield tag="260" ind1=" " ind2=" ">
    <subfield code="c">2015-12-01</subfield>
    <subfield code="b">Institute of Physics Publishing/SISSA</subfield>
  </datafield>
  <datafield tag="520" ind1=" " ind2=" ">
    <subfield code="a">The celebrated Weinberg theorem in cosmological perturbation   theory states that there always exist two adiabatic scalar modes in   which the comoving curvature perturbation is conserved on   super-horizon scales. In particular, when the perturbations are   generated from a single source, such as in single field models of   inflation, both of the two allowed independent solutions are   adiabatic and conserved on super-horizon scales. There are few known   examples in literature which violate this theorem. We revisit the   theorem and specify the loopholes in some technical assumptions   which violate the theorem in models of non-attractor inflation,   fluid inflation, solid inflation and in the model of pseudo   conformal universe.</subfield>
  </datafield>
  <datafield tag="540" ind1=" " ind2=" ">
    <subfield code="a">CC-BY-3.0</subfield>
    <subfield code="u">http://creativecommons.org/licenses/by/3.0/</subfield>
  </datafield>
  <datafield tag="542" ind1=" " ind2=" ">
    <subfield code="f"></subfield>
  </datafield>
  <datafield tag="591" ind1=" " ind2=" ">
    <subfield code="a">Category:1</subfield>
  </datafield>
  <datafield tag="591" ind1=" " ind2=" ">
    <subfield code="a">CC:1</subfield>
  </datafield>
  <datafield tag="591" ind1=" " ind2=" ">
    <subfield code="a">Authors:1</subfield>
  </datafield>
  <datafield tag="591" ind1=" " ind2=" ">
    <subfield code="a">SCOAP3:1</subfield>
  </datafield>
  <datafield tag="653" ind1="1" ind2=" ">
    <subfield code="a">cosmological perturbation theory</subfield>
    <subfield code="9">author</subfield>
  </datafield>
  <datafield tag="653" ind1="1" ind2=" ">
    <subfield code="a">inflation</subfield>
    <subfield code="9">author</subfield>
  </datafield>
  <datafield tag="700" ind1=" " ind2=" ">
    <subfield code="a">Firouzjahi, Hassan</subfield>
    <subfield code="v">School of Astronomy, Institute for Research in Fundamental Sciences (IPM),   P.O. Box 19395-5531, Tehran, Iran</subfield>
    <subfield code="w">Iran</subfield>
  </datafield>
  <datafield tag="700" ind1=" " ind2=" ">
    <subfield code="a">Jazayeri, Sadra</subfield>
    <subfield code="v">School of Astronomy, Institute for Research in Fundamental Sciences (IPM),   P.O. Box 19395-5531, Tehran, Iran</subfield>
    <subfield code="w">Iran</subfield>
  </datafield>
  <datafield tag="773" ind1=" " ind2=" ">
    <subfield code="p">JCAP</subfield>
    <subfield code="v">1512</subfield>
    <subfield code="n">12</subfield>
    <subfield code="c">027</subfield>
    <subfield code="y">2015</subfield>
  </datafield>
  <datafield tag="856" ind1="4" ind2=" ">
    <subfield code="s">360987</subfield>
    <subfield code="u">http://repo.scoap3.org/record/13047/files/fulltext.pdf</subfield>
  </datafield>
  <datafield tag="856" ind1="4" ind2=" ">
    <subfield code="s">84871</subfield>
    <subfield code="u">http://repo.scoap3.org/record/13047/files/fulltext.xml</subfield>
  </datafield>
  <datafield tag="909" ind1="C" ind2="O">
    <subfield code="o">oai:repo.scoap3.org:13047</subfield>
    <subfield code="p">GLOBAL_SET</subfield>
    <subfield code="p">JOURNAL_OF_COSMOLOGY_AND_ASTROPARTICLE_PHYSICS</subfield>
  </datafield>
  <datafield tag="980" ind1=" " ind2=" ">
    <subfield code="a">SCOAP3</subfield>
    <subfield code="b">IOP</subfield>
  </datafield>
</record>