
<record>
  <controlfield tag="001">13015</controlfield>
  <controlfield tag="005">20160315001612.0</controlfield>
  <datafield tag="022" ind1=" " ind2=" ">
    <subfield code="a">1475-7516</subfield>
  </datafield>
  <datafield tag="024" ind1="7" ind2=" ">
    <subfield code="a">10.1088/1475-7516/2015/12/023</subfield>
    <subfield code="2">DOI</subfield>
  </datafield>
  <datafield tag="035" ind1=" " ind2=" ">
    <subfield code="a">1369127</subfield>
    <subfield code="9">INSPIRE</subfield>
  </datafield>
  <datafield tag="037" ind1=" " ind2=" ">
    <subfield code="a">arXiv:1505.02722</subfield>
    <subfield code="9">arXiv</subfield>
    <subfield code="a">arXiv:1505.02722</subfield>
  </datafield>
  <datafield tag="100" ind1=" " ind2=" ">
    <subfield code="a">Dell'Oro, S.</subfield>
    <subfield code="v">INFN, Gran Sasso Science Institute,  Viale F. Crispi 7, 67100 L'Aquila, Italy</subfield>
    <subfield code="w">Italy</subfield>
  </datafield>
  <datafield tag="245" ind1=" " ind2=" ">
    <subfield code="a">
The contribution of light Majorana neutrinos to neutrinoless double beta decay and cosmology</subfield>
  </datafield>
  <datafield tag="260" ind1=" " ind2=" ">
    <subfield code="c">2015-12-01</subfield>
    <subfield code="b">Institute of Physics Publishing/SISSA</subfield>
  </datafield>
  <datafield tag="520" ind1=" " ind2=" ">
    <subfield code="a">Cosmology is making impressive progress and it is  producing stringent bounds on the sum of the neutrino masses Σ, a parameter of great importance for the current laboratory experiments.  In this letter, we exploit the potential relevance of the analysis of Palanque-Delabrouille et al. [JCAP 02 (2015) 045] to the neutrinoless double beta decay (0ν β β) search. This analysis indicates small values for the lightest neutrino mass, since the authors find Σ &lt; 84 meV at 1σ C.L., and provides a 1σ preference for the normal hierarchy.           The allowed values for the Majorana effective mass, probed by 0ν β β, turn out to be &lt; 75 meV at 3σ C.L.  and lower down to less than 02 meV at 1σ C.L. .  If this indication is confirmed, the impact on the 0ν β β experiments will be tremendous since the possibility of detecting a signal will be out of the reach of the next generation of experiments.  </subfield>
  </datafield>
  <datafield tag="540" ind1=" " ind2=" ">
    <subfield code="a">CC-BY-3.0</subfield>
    <subfield code="u">http://creativecommons.org/licenses/by/3.0/</subfield>
  </datafield>
  <datafield tag="542" ind1=" " ind2=" ">
    <subfield code="f"></subfield>
  </datafield>
  <datafield tag="591" ind1=" " ind2=" ">
    <subfield code="a">Category:1</subfield>
  </datafield>
  <datafield tag="591" ind1=" " ind2=" ">
    <subfield code="a">CC:1</subfield>
  </datafield>
  <datafield tag="591" ind1=" " ind2=" ">
    <subfield code="a">Authors:1</subfield>
  </datafield>
  <datafield tag="591" ind1=" " ind2=" ">
    <subfield code="a">SCOAP3:1</subfield>
  </datafield>
  <datafield tag="653" ind1="1" ind2=" ">
    <subfield code="a">double beta decay</subfield>
    <subfield code="9">author</subfield>
  </datafield>
  <datafield tag="653" ind1="1" ind2=" ">
    <subfield code="a">neutrino masses from cosmology</subfield>
    <subfield code="9">author</subfield>
  </datafield>
  <datafield tag="700" ind1=" " ind2=" ">
    <subfield code="a">Marcocci, S.</subfield>
    <subfield code="v">INFN, Gran Sasso Science Institute,  Viale F. Crispi 7, 67100 L'Aquila, Italy</subfield>
    <subfield code="w">Italy</subfield>
  </datafield>
  <datafield tag="700" ind1=" " ind2=" ">
    <subfield code="a">Viel, M.</subfield>
    <subfield code="v">INAF, Osservatorio Astronomico di Trieste,  Via G.B. Tiepolo 11, 34131 Trieste, Italy</subfield>
    <subfield code="v">INFN, Sezione di Trieste,  Via Valerio 2, 34127 Trieste, Italy</subfield>
    <subfield code="w">Italy</subfield>
  </datafield>
  <datafield tag="700" ind1=" " ind2=" ">
    <subfield code="a">Vissani, F.</subfield>
    <subfield code="v">INFN, Laboratori Nazionali del Gran Sasso,  Via G. Acitelli 22, 67100 Assergi (AQ), Italy</subfield>
    <subfield code="v">INFN, Gran Sasso Science Institute,  Viale F. Crispi 7, 67100 L'Aquila, Italy</subfield>
    <subfield code="w">Italy</subfield>
  </datafield>
  <datafield tag="773" ind1=" " ind2=" ">
    <subfield code="p">JCAP</subfield>
    <subfield code="v">1512</subfield>
    <subfield code="n">12</subfield>
    <subfield code="c">023</subfield>
    <subfield code="y">2015</subfield>
  </datafield>
  <datafield tag="856" ind1="4" ind2=" ">
    <subfield code="s">36166</subfield>
    <subfield code="u">http://repo.scoap3.org/record/13015/files/fulltext.xml</subfield>
  </datafield>
  <datafield tag="856" ind1="4" ind2=" ">
    <subfield code="s">833185</subfield>
    <subfield code="u">http://repo.scoap3.org/record/13015/files/fulltext.pdf</subfield>
  </datafield>
  <datafield tag="909" ind1="C" ind2="O">
    <subfield code="o">oai:repo.scoap3.org:13015</subfield>
    <subfield code="p">GLOBAL_SET</subfield>
    <subfield code="p">JOURNAL_OF_COSMOLOGY_AND_ASTROPARTICLE_PHYSICS</subfield>
  </datafield>
  <datafield tag="980" ind1=" " ind2=" ">
    <subfield code="a">SCOAP3</subfield>
    <subfield code="b">IOP</subfield>
  </datafield>
</record>