
<record>
  <controlfield tag="001">13014</controlfield>
  <controlfield tag="005">20160315001612.0</controlfield>
  <datafield tag="022" ind1=" " ind2=" ">
    <subfield code="a">1475-7516</subfield>
  </datafield>
  <datafield tag="024" ind1="7" ind2=" ">
    <subfield code="a">10.1088/1475-7516/2015/12/024</subfield>
    <subfield code="2">DOI</subfield>
  </datafield>
  <datafield tag="035" ind1=" " ind2=" ">
    <subfield code="a">1377963</subfield>
    <subfield code="9">INSPIRE</subfield>
  </datafield>
  <datafield tag="037" ind1=" " ind2=" ">
    <subfield code="a">arXiv:1506.07532</subfield>
    <subfield code="9">arXiv</subfield>
    <subfield code="a">arXiv:1506.07532</subfield>
  </datafield>
  <datafield tag="100" ind1=" " ind2=" ">
    <subfield code="a">Co, Raymond T.</subfield>
    <subfield code="v">Berkeley Center for Theoretical Physics, Department of Physics,  and Theoretical Physics Group, Lawrence Berkeley National Laboratory,  University of California,  Berkeley, CA 94720, U.S.A.</subfield>
    <subfield code="w">USA</subfield>
  </datafield>
  <datafield tag="245" ind1=" " ind2=" ">
    <subfield code="a">
Freeze-In dark matter  with displaced signatures at colliders</subfield>
  </datafield>
  <datafield tag="260" ind1=" " ind2=" ">
    <subfield code="c">2015-12-01</subfield>
    <subfield code="b">Institute of Physics Publishing/SISSA</subfield>
  </datafield>
  <datafield tag="520" ind1=" " ind2=" ">
    <subfield code="a">Dark matter, X, may be generated by new physics at the TeV scale during an early matter-dominated (MD) era that ends at temperature TR ≪ TeV.  Compared to the conventional radiation-dominated (RD) results, yields from both Freeze-Out and Freeze-In processes are greatly suppressed by dilution from entropy production, making Freeze-Out less plausible while allowing successful Freeze-In with a much larger coupling strength.  Freeze-In is typically dominated by the decay of a particle B of the thermal bath, B → X.  For a large fraction of the relevant cosmological parameter space,  the decay rate required to produce the observed dark matter abundance leads to displaced signals at LHC and future colliders, for any mX in the range keV  &lt; mX &lt; mB and for values of mB accessible to these colliders.   This result applies whether the early MD era arises after conventional inflation, when TR is the usual reheat temperature, or is a generic MD era with an alternative origin.  In the former case, if mX is sufficiently large to be measured from kinematics, the reheat temperature TR can be extracted.  Our result is independent of the particular particle physics implementation of B → X, and can occur via any operator of dimension less than 8 (4) for a post-inflation (general MD) cosmology. An interesting example is provided by DFS axion theories with TeV-scale supersymmetry and axino dark matter of mass GeV to TeV, which is typically overproduced in a conventional RD cosmology.  If B is the higgsino, h̃, Higgs, W and Z particles appear at the displaced decays, h̃ → h̃ a, Z ã and h̃± → W± ã. The scale of axion physics, f, is predicted to be in the range (3×108—1012) GeV and, over much of this range, can be extracted from the decay length.</subfield>
  </datafield>
  <datafield tag="540" ind1=" " ind2=" ">
    <subfield code="a">CC-BY-3.0</subfield>
    <subfield code="u">http://creativecommons.org/licenses/by/3.0/</subfield>
  </datafield>
  <datafield tag="542" ind1=" " ind2=" ">
    <subfield code="f"></subfield>
  </datafield>
  <datafield tag="591" ind1=" " ind2=" ">
    <subfield code="a">Category:1</subfield>
  </datafield>
  <datafield tag="591" ind1=" " ind2=" ">
    <subfield code="a">CC:1</subfield>
  </datafield>
  <datafield tag="591" ind1=" " ind2=" ">
    <subfield code="a">Authors:1</subfield>
  </datafield>
  <datafield tag="591" ind1=" " ind2=" ">
    <subfield code="a">SCOAP3:1</subfield>
  </datafield>
  <datafield tag="653" ind1="1" ind2=" ">
    <subfield code="a">cosmology of theories beyond the SM</subfield>
    <subfield code="9">author</subfield>
  </datafield>
  <datafield tag="653" ind1="1" ind2=" ">
    <subfield code="a">dark matter experiments</subfield>
    <subfield code="9">author</subfield>
  </datafield>
  <datafield tag="653" ind1="1" ind2=" ">
    <subfield code="a">dark matter theory</subfield>
    <subfield code="9">author</subfield>
  </datafield>
  <datafield tag="653" ind1="1" ind2=" ">
    <subfield code="a">particle physics - cosmology connection</subfield>
    <subfield code="9">author</subfield>
  </datafield>
  <datafield tag="700" ind1=" " ind2=" ">
    <subfield code="a">D'Eramo, Francesco</subfield>
    <subfield code="v">Berkeley Center for Theoretical Physics, Department of Physics,  and Theoretical Physics Group, Lawrence Berkeley National Laboratory,  University of California,  Berkeley, CA 94720, U.S.A.</subfield>
    <subfield code="w">USA</subfield>
  </datafield>
  <datafield tag="700" ind1=" " ind2=" ">
    <subfield code="a">Hall, Lawrence J.</subfield>
    <subfield code="v">Berkeley Center for Theoretical Physics, Department of Physics,  and Theoretical Physics Group, Lawrence Berkeley National Laboratory,  University of California,  Berkeley, CA 94720, U.S.A.</subfield>
    <subfield code="w">USA</subfield>
  </datafield>
  <datafield tag="700" ind1=" " ind2=" ">
    <subfield code="a">Pappadopulo, Duccio</subfield>
    <subfield code="v">Berkeley Center for Theoretical Physics, Department of Physics,  and Theoretical Physics Group, Lawrence Berkeley National Laboratory,  University of California,  Berkeley, CA 94720, U.S.A.</subfield>
    <subfield code="w">USA</subfield>
  </datafield>
  <datafield tag="773" ind1=" " ind2=" ">
    <subfield code="p">JCAP</subfield>
    <subfield code="v">1512</subfield>
    <subfield code="n">12</subfield>
    <subfield code="c">024</subfield>
    <subfield code="y">2015</subfield>
  </datafield>
  <datafield tag="856" ind1="4" ind2=" ">
    <subfield code="s">2923877</subfield>
    <subfield code="u">http://repo.scoap3.org/record/13014/files/fulltext.pdf</subfield>
  </datafield>
  <datafield tag="856" ind1="4" ind2=" ">
    <subfield code="s">89500</subfield>
    <subfield code="u">http://repo.scoap3.org/record/13014/files/fulltext.xml</subfield>
  </datafield>
  <datafield tag="909" ind1="C" ind2="O">
    <subfield code="o">oai:repo.scoap3.org:13014</subfield>
    <subfield code="p">GLOBAL_SET</subfield>
    <subfield code="p">JOURNAL_OF_COSMOLOGY_AND_ASTROPARTICLE_PHYSICS</subfield>
  </datafield>
  <datafield tag="980" ind1=" " ind2=" ">
    <subfield code="a">SCOAP3</subfield>
    <subfield code="b">IOP</subfield>
  </datafield>
</record>