
<record>
  <controlfield tag="001">13007</controlfield>
  <controlfield tag="005">20160315001611.0</controlfield>
  <datafield tag="022" ind1=" " ind2=" ">
    <subfield code="a">1475-7516</subfield>
  </datafield>
  <datafield tag="024" ind1="7" ind2=" ">
    <subfield code="a">10.1088/1475-7516/2015/12/021</subfield>
    <subfield code="2">DOI</subfield>
  </datafield>
  <datafield tag="035" ind1=" " ind2=" ">
    <subfield code="a">1370454</subfield>
    <subfield code="9">INSPIRE</subfield>
  </datafield>
  <datafield tag="037" ind1=" " ind2=" ">
    <subfield code="a">arXiv:1505.04031</subfield>
    <subfield code="9">arXiv</subfield>
    <subfield code="a">arXiv:1505.04031</subfield>
  </datafield>
  <datafield tag="100" ind1=" " ind2=" ">
    <subfield code="a">Chen, Jing</subfield>
    <subfield code="v">University of Chinese Academy of Science,  19A Yuquan Road, Beijing, 100049, P.R. China</subfield>
    <subfield code="v">State Key Laboratory of Theoretical Physics, Kavli Institute for Theoretical Physics China,  Institute of Theoretical Physics, Chinese Academy of Science,  Zhong Guan Cun East Street 55#, Beijing, 100190, P.R. China</subfield>
    <subfield code="w">China</subfield>
  </datafield>
  <datafield tag="245" ind1=" " ind2=" ">
    <subfield code="a">
Long-range Self-interacting Dark Matter in the Sun</subfield>
  </datafield>
  <datafield tag="260" ind1=" " ind2=" ">
    <subfield code="c">2015-12-01</subfield>
    <subfield code="b">Institute of Physics Publishing/SISSA</subfield>
  </datafield>
  <datafield tag="520" ind1=" " ind2=" ">
    <subfield code="a">We investigate the implications of the long-rang   self-interaction on both the self-capture and the annihilation of   the self-interacting dark matter (SIDM) trapped in the Sun. Our   discussion is based on a specific SIDM model in which DM particles   self-interact via a light scalar mediator, or Yukawa potential, in   the context of quantum mechanics. Within this framework, we   calculate the self-capture rate across a broad region of parameter   space. While the self-capture rate can be obtained separately in the   Born regime with perturbative method, and in the classical limits   with the Rutherford formula, our calculation covers the gap between   in a non-perturbative fashion. Besides, the phenomenology of both   the Sommerfeld-enhanced s- and p-wave annihilation of the solar   SIDM is also involved in our discussion.  Moreover, by combining the   analysis of the Super-Kamiokande (SK) data and the observed DM relic   density, we constrain the nuclear capture rate of the DM particles   in the presence of the dark Yukawa potential. The consequence of the   long-range dark force on probing the solar SIDM turns out to be   significant if the force-carrier is much lighter than the DM   particle, and a quantitative analysis is provided.</subfield>
  </datafield>
  <datafield tag="540" ind1=" " ind2=" ">
    <subfield code="a">CC-BY-3.0</subfield>
    <subfield code="u">http://creativecommons.org/licenses/by/3.0/</subfield>
  </datafield>
  <datafield tag="542" ind1=" " ind2=" ">
    <subfield code="f"></subfield>
  </datafield>
  <datafield tag="591" ind1=" " ind2=" ">
    <subfield code="a">Category:1</subfield>
  </datafield>
  <datafield tag="591" ind1=" " ind2=" ">
    <subfield code="a">CC:1</subfield>
  </datafield>
  <datafield tag="591" ind1=" " ind2=" ">
    <subfield code="a">Authors:1</subfield>
  </datafield>
  <datafield tag="591" ind1=" " ind2=" ">
    <subfield code="a">SCOAP3:1</subfield>
  </datafield>
  <datafield tag="653" ind1="1" ind2=" ">
    <subfield code="a">dark matter experiments</subfield>
    <subfield code="9">author</subfield>
  </datafield>
  <datafield tag="653" ind1="1" ind2=" ">
    <subfield code="a">dark matter theory</subfield>
    <subfield code="9">author</subfield>
  </datafield>
  <datafield tag="700" ind1=" " ind2=" ">
    <subfield code="a">Liang, Zheng-Liang</subfield>
    <subfield code="v">Institute of High Energy Physics, Chinese Academy of Science,  19B Yuquan Road, Beijing, 100049, P.R. China</subfield>
    <subfield code="w">China</subfield>
  </datafield>
  <datafield tag="700" ind1=" " ind2=" ">
    <subfield code="a">Wu, Yue-Liang</subfield>
    <subfield code="v">State Key Laboratory of Theoretical Physics, Kavli Institute for Theoretical Physics China,  Institute of Theoretical Physics, Chinese Academy of Science,  Zhong Guan Cun East Street 55#, Beijing, 100190, P.R. China</subfield>
    <subfield code="w">China</subfield>
  </datafield>
  <datafield tag="700" ind1=" " ind2=" ">
    <subfield code="a">Zhou, Yu-Feng</subfield>
    <subfield code="v">State Key Laboratory of Theoretical Physics, Kavli Institute for Theoretical Physics China,  Institute of Theoretical Physics, Chinese Academy of Science,  Zhong Guan Cun East Street 55#, Beijing, 100190, P.R. China</subfield>
    <subfield code="w">China</subfield>
  </datafield>
  <datafield tag="773" ind1=" " ind2=" ">
    <subfield code="p">JCAP</subfield>
    <subfield code="v">1512</subfield>
    <subfield code="n">12</subfield>
    <subfield code="c">021</subfield>
    <subfield code="y">2015</subfield>
  </datafield>
  <datafield tag="856" ind1="4" ind2=" ">
    <subfield code="s">1552893</subfield>
    <subfield code="u">http://repo.scoap3.org/record/13007/files/fulltext.pdf</subfield>
  </datafield>
  <datafield tag="856" ind1="4" ind2=" ">
    <subfield code="s">82560</subfield>
    <subfield code="u">http://repo.scoap3.org/record/13007/files/fulltext.xml</subfield>
  </datafield>
  <datafield tag="909" ind1="C" ind2="O">
    <subfield code="o">oai:repo.scoap3.org:13007</subfield>
    <subfield code="p">GLOBAL_SET</subfield>
    <subfield code="p">JOURNAL_OF_COSMOLOGY_AND_ASTROPARTICLE_PHYSICS</subfield>
    <subfield code="p">PR_China</subfield>
  </datafield>
  <datafield tag="980" ind1=" " ind2=" ">
    <subfield code="a">SCOAP3</subfield>
    <subfield code="b">IOP</subfield>
  </datafield>
</record>