
<record>
  <controlfield tag="001">12924</controlfield>
  <controlfield tag="005">20160315001611.0</controlfield>
  <datafield tag="022" ind1=" " ind2=" ">
    <subfield code="a">1475-7516</subfield>
  </datafield>
  <datafield tag="024" ind1="7" ind2=" ">
    <subfield code="a">10.1088/1475-7516/2015/12/013</subfield>
    <subfield code="2">DOI</subfield>
    <subfield code="t">2015-12-07T14:07:10Z</subfield>
  </datafield>
  <datafield tag="035" ind1=" " ind2=" ">
    <subfield code="a">1383151</subfield>
    <subfield code="9">INSPIRE</subfield>
  </datafield>
  <datafield tag="037" ind1=" " ind2=" ">
    <subfield code="a">arXiv:1507.04644</subfield>
    <subfield code="9">arXiv</subfield>
    <subfield code="a">arXiv:1507.04644</subfield>
  </datafield>
  <datafield tag="100" ind1=" " ind2=" ">
    <subfield code="a">Achterberg, Abraham</subfield>
    <subfield code="v">Institute for Mathematics, Astrophysics and Particle Physics,                  Faculty of Science, Mailbox 79,                 Radboud University Nijmegen,  P.O. Box 9010, NL-6500 GL Nijmegen,                 The Netherlands</subfield>
    <subfield code="w">Netherlands</subfield>
  </datafield>
  <datafield tag="245" ind1=" " ind2=" ">
    <subfield code="a">
Comparing Galactic Center MSSM dark matter solutions to the Reticulum II gamma-ray data</subfield>
  </datafield>
  <datafield tag="260" ind1=" " ind2=" ">
    <subfield code="c">2015-12-01</subfield>
    <subfield code="b">Institute of Physics Publishing/SISSA</subfield>
  </datafield>
  <datafield tag="520" ind1=" " ind2=" ">
    <subfield code="a">Observations with the Fermi Large Area Telescope (LAT) indicate a possible small photon signal originating from the dwarf galaxy Reticulum II that exceeds the expected background between 2 GeV and 10 GeV . We have investigated two specific scenarios for annihilating WIMP dark matter within the phenomenological Minimal Supersymmetric Standard Model (pMSSM) framework as a possible source for these photons. We find that the same parameter ranges in pMSSM as reported by an earlier paper to be consistent with the Galactic Center excess, are also consistent with the excess observed in Reticulum II, resulting in a J-factor of  log 10(J(αint=0.5̂)) ≃ (20.3−20.5)+0.2−0.3 GeV2cm−5. This J-factor is consistent with  log 10(J(αint=0.5̂)) = 19.6+1.0−0.7 GeV2cm−5, which was derived using an optimized spherical Jeans analysis of kinematic data obtained from the Michigan/Magellan Fiber System (M2FS).</subfield>
  </datafield>
  <datafield tag="540" ind1=" " ind2=" ">
    <subfield code="a">CC-BY-3.0</subfield>
    <subfield code="u">http://creativecommons.org/licenses/by/3.0/</subfield>
  </datafield>
  <datafield tag="542" ind1=" " ind2=" ">
    <subfield code="f"></subfield>
  </datafield>
  <datafield tag="591" ind1=" " ind2=" ">
    <subfield code="a">Category:1</subfield>
  </datafield>
  <datafield tag="591" ind1=" " ind2=" ">
    <subfield code="a">CC:1</subfield>
  </datafield>
  <datafield tag="591" ind1=" " ind2=" ">
    <subfield code="a">Authors:0</subfield>
  </datafield>
  <datafield tag="591" ind1=" " ind2=" ">
    <subfield code="a">SCOAP3:1</subfield>
  </datafield>
  <datafield tag="653" ind1="1" ind2=" ">
    <subfield code="a">dark matter simulations</subfield>
    <subfield code="9">author</subfield>
  </datafield>
  <datafield tag="653" ind1="1" ind2=" ">
    <subfield code="a">dwarfs galaxies</subfield>
    <subfield code="9">author</subfield>
  </datafield>
  <datafield tag="653" ind1="1" ind2=" ">
    <subfield code="a">dark matter theory</subfield>
    <subfield code="9">author</subfield>
  </datafield>
  <datafield tag="700" ind1=" " ind2=" ">
    <subfield code="a">Beekveld, Melissa van</subfield>
    <subfield code="v">Institute for Mathematics, Astrophysics and Particle Physics,                  Faculty of Science, Mailbox 79,                 Radboud University Nijmegen,  P.O. Box 9010, NL-6500 GL Nijmegen,                 The Netherlands</subfield>
    <subfield code="w">Netherlands</subfield>
  </datafield>
  <datafield tag="700" ind1=" " ind2=" ">
    <subfield code="a">Beenakker, Wim</subfield>
    <subfield code="v">Institute for Mathematics, Astrophysics and Particle Physics,                  Faculty of Science, Mailbox 79,                 Radboud University Nijmegen,  P.O. Box 9010, NL-6500 GL Nijmegen,                 The Netherlands</subfield>
    <subfield code="v">Institute  of  Physics,  University  of  Amsterdam,   Science  Park  904,  1018  XE  Amsterdam,  The Netherlands</subfield>
    <subfield code="w">Netherlands</subfield>
  </datafield>
  <datafield tag="700" ind1=" " ind2=" ">
    <subfield code="a">Caron, Sascha</subfield>
    <subfield code="v">Institute for Mathematics, Astrophysics and Particle Physics,                  Faculty of Science, Mailbox 79,                 Radboud University Nijmegen,  P.O. Box 9010, NL-6500 GL Nijmegen,                 The Netherlands</subfield>
    <subfield code="v">Nikhef, Science Park,  Amsterdam, The Netherlands</subfield>
    <subfield code="w">Netherlands</subfield>
  </datafield>
  <datafield tag="700" ind1=" " ind2=" ">
    <subfield code="a">Hendriks, Luc</subfield>
    <subfield code="v">Institute for Mathematics, Astrophysics and Particle Physics,                  Faculty of Science, Mailbox 79,                 Radboud University Nijmegen,  P.O. Box 9010, NL-6500 GL Nijmegen,                 The Netherlands</subfield>
    <subfield code="w">Netherlands</subfield>
  </datafield>
  <datafield tag="773" ind1=" " ind2=" ">
    <subfield code="p">JCAP</subfield>
    <subfield code="v">1512</subfield>
    <subfield code="n">12</subfield>
    <subfield code="c">013</subfield>
    <subfield code="y">2015</subfield>
  </datafield>
  <datafield tag="856" ind1="4" ind2=" ">
    <subfield code="s">281008</subfield>
    <subfield code="u">http://repo.scoap3.org/record/12924/files/fulltext.pdf</subfield>
  </datafield>
  <datafield tag="856" ind1="4" ind2=" ">
    <subfield code="s">33958</subfield>
    <subfield code="u">http://repo.scoap3.org/record/12924/files/fulltext.xml</subfield>
  </datafield>
  <datafield tag="909" ind1="C" ind2="O">
    <subfield code="o">oai:repo.scoap3.org:12924</subfield>
    <subfield code="p">GLOBAL_SET</subfield>
    <subfield code="p">JOURNAL_OF_COSMOLOGY_AND_ASTROPARTICLE_PHYSICS</subfield>
  </datafield>
  <datafield tag="980" ind1=" " ind2=" ">
    <subfield code="a">SCOAP3</subfield>
    <subfield code="b">IOP</subfield>
  </datafield>
</record>