
<record>
  <controlfield tag="001">12868</controlfield>
  <controlfield tag="005">20160315001611.0</controlfield>
  <datafield tag="022" ind1=" " ind2=" ">
    <subfield code="a">1475-7516</subfield>
  </datafield>
  <datafield tag="024" ind1="7" ind2=" ">
    <subfield code="a">10.1088/1475-7516/2015/11/048</subfield>
    <subfield code="2">DOI</subfield>
    <subfield code="t">2015-12-07T14:07:10Z</subfield>
  </datafield>
  <datafield tag="035" ind1=" " ind2=" ">
    <subfield code="a">1301883</subfield>
    <subfield code="9">INSPIRE</subfield>
  </datafield>
  <datafield tag="037" ind1=" " ind2=" ">
    <subfield code="a">arXiv:1406.5490</subfield>
    <subfield code="9">arXiv</subfield>
    <subfield code="a">arXiv:1406.5490</subfield>
  </datafield>
  <datafield tag="100" ind1=" " ind2=" ">
    <subfield code="a">Anninos, Dionysios</subfield>
    <subfield code="v">Stanford Institute of Theoretical Physics, Stanford University,   Stanford, U.S.A.</subfield>
    <subfield code="w">USA</subfield>
  </datafield>
  <datafield tag="245" ind1=" " ind2=" ">
    <subfield code="a">
Late-time structure of the Bunch-Davies de Sitter wavefunction</subfield>
  </datafield>
  <datafield tag="260" ind1=" " ind2=" ">
    <subfield code="c">2015-11-01</subfield>
    <subfield code="b">Institute of Physics Publishing/SISSA</subfield>
  </datafield>
  <datafield tag="520" ind1=" " ind2=" ">
    <subfield code="a">We examine the late time behavior of the Bunch-Davies   wavefunction for interacting light fields in a de Sitter background.   We use perturbative techniques developed in the framework of   AdS/CFT, and analytically continue to compute tree and loop level   contributions to the Bunch-Davies wavefunction. We consider   self-interacting scalars of general mass, but focus especially on   the massless and conformally coupled cases.  We show that certain   contributions grow logarithmically in conformal time both at tree   and loop level.  We also consider gauge fields and gravitons. The   four-dimensional Fefferman-Graham expansion of classical   asymptotically de Sitter solutions is used to show that the   wavefunction contains no logarithmic growth in the pure graviton   sector at tree level. Finally, assuming a holographic relation   between the wavefunction and the partition function of a conformal   field theory, we interpret the logarithmic growths in the language   of conformal field theory.</subfield>
  </datafield>
  <datafield tag="540" ind1=" " ind2=" ">
    <subfield code="a">CC-BY-3.0</subfield>
    <subfield code="u">http://creativecommons.org/licenses/by/3.0/</subfield>
  </datafield>
  <datafield tag="542" ind1=" " ind2=" ">
    <subfield code="f"></subfield>
  </datafield>
  <datafield tag="591" ind1=" " ind2=" ">
    <subfield code="a">Category:1</subfield>
  </datafield>
  <datafield tag="591" ind1=" " ind2=" ">
    <subfield code="a">CC:1</subfield>
  </datafield>
  <datafield tag="591" ind1=" " ind2=" ">
    <subfield code="a">Authors:1</subfield>
  </datafield>
  <datafield tag="591" ind1=" " ind2=" ">
    <subfield code="a">SCOAP3:1</subfield>
  </datafield>
  <datafield tag="653" ind1="1" ind2=" ">
    <subfield code="a">string theory and cosmology</subfield>
    <subfield code="9">author</subfield>
  </datafield>
  <datafield tag="653" ind1="1" ind2=" ">
    <subfield code="a">non-gaussianity</subfield>
    <subfield code="9">author</subfield>
  </datafield>
  <datafield tag="653" ind1="1" ind2=" ">
    <subfield code="a">gravity</subfield>
    <subfield code="9">author</subfield>
  </datafield>
  <datafield tag="653" ind1="1" ind2=" ">
    <subfield code="a">quantum field theory on curved space</subfield>
    <subfield code="9">author</subfield>
  </datafield>
  <datafield tag="700" ind1=" " ind2=" ">
    <subfield code="a">Anous, Tarek</subfield>
    <subfield code="v">Center for Theoretical Physics, Massachusetts Institute of Technology,   Cambridge, U.S.A.</subfield>
    <subfield code="w">USA</subfield>
  </datafield>
  <datafield tag="700" ind1=" " ind2=" ">
    <subfield code="a">Freedman, Daniel Z.</subfield>
    <subfield code="v">Stanford Institute of Theoretical Physics, Stanford University,   Stanford, U.S.A.</subfield>
    <subfield code="v">Center for Theoretical Physics, Massachusetts Institute of Technology,   Cambridge, U.S.A.</subfield>
    <subfield code="v">Department of Mathematics, Massachusetts Institute of Technology,   Cambridge, U.S.A.</subfield>
    <subfield code="w">USA</subfield>
  </datafield>
  <datafield tag="700" ind1=" " ind2=" ">
    <subfield code="a">Konstantinidis, George</subfield>
    <subfield code="v">Stanford Institute of Theoretical Physics, Stanford University,   Stanford, U.S.A.</subfield>
    <subfield code="w">USA</subfield>
  </datafield>
  <datafield tag="773" ind1=" " ind2=" ">
    <subfield code="p">JCAP</subfield>
    <subfield code="v">1511</subfield>
    <subfield code="n">11</subfield>
    <subfield code="c">048</subfield>
    <subfield code="y">2015</subfield>
  </datafield>
  <datafield tag="856" ind1="4" ind2=" ">
    <subfield code="s">101630</subfield>
    <subfield code="u">http://repo.scoap3.org/record/12868/files/fulltext.xml</subfield>
  </datafield>
  <datafield tag="856" ind1="4" ind2=" ">
    <subfield code="s">634686</subfield>
    <subfield code="u">http://repo.scoap3.org/record/12868/files/fulltext.pdf</subfield>
  </datafield>
  <datafield tag="909" ind1="C" ind2="O">
    <subfield code="o">oai:repo.scoap3.org:12868</subfield>
    <subfield code="p">GLOBAL_SET</subfield>
    <subfield code="p">JOURNAL_OF_COSMOLOGY_AND_ASTROPARTICLE_PHYSICS</subfield>
  </datafield>
  <datafield tag="980" ind1=" " ind2=" ">
    <subfield code="a">SCOAP3</subfield>
    <subfield code="b">IOP</subfield>
  </datafield>
</record>