
<record>
  <controlfield tag="001">12774</controlfield>
  <controlfield tag="005">20160315001611.0</controlfield>
  <datafield tag="022" ind1=" " ind2=" ">
    <subfield code="a">1475-7516</subfield>
  </datafield>
  <datafield tag="024" ind1="7" ind2=" ">
    <subfield code="a">10.1088/1475-7516/2015/11/041</subfield>
    <subfield code="2">DOI</subfield>
    <subfield code="t">2015-11-26T12:42:18Z</subfield>
  </datafield>
  <datafield tag="035" ind1=" " ind2=" ">
    <subfield code="a">1384283</subfield>
    <subfield code="9">INSPIRE</subfield>
  </datafield>
  <datafield tag="037" ind1=" " ind2=" ">
    <subfield code="a">arXiv:1507.06215</subfield>
    <subfield code="9">arXiv</subfield>
    <subfield code="a">arXiv:1507.06215</subfield>
  </datafield>
  <datafield tag="100" ind1=" " ind2=" ">
    <subfield code="a">Abada, Asmaa</subfield>
    <subfield code="v">Laboratoire de Physique Théorique, CNRS, Univ. Paris-Sud, Université Paris-Saclay,  Rue Henri Becquerel Batiment 210, Orsay, 91405 France</subfield>
    <subfield code="w">France</subfield>
  </datafield>
  <datafield tag="245" ind1=" " ind2=" ">
    <subfield code="a">
Lepton number violation as a key to low-scale leptogenesis</subfield>
  </datafield>
  <datafield tag="260" ind1=" " ind2=" ">
    <subfield code="c">2015-11-01</subfield>
    <subfield code="b">Institute of Physics Publishing/SISSA</subfield>
  </datafield>
  <datafield tag="520" ind1=" " ind2=" ">
    <subfield code="a">We explore the possibility of having a successful leptogenesis through oscillations between new sterile fermion states added to the Standard Model field content in a well motivated framework,  naturally giving rise to the required mass splitting between the sterile states through a small total lepton number violation. We propose a framework with only two sterile states forming a pseudo-Dirac state,  in which their mass difference as well as the smallness of the neutrino masses are due to two sources of lepton number violation with Δ L=2,  corresponding to an Inverse Seesaw framework extended by a Linear Seesaw mass term. We also explore the pure Inverse Seesaw mechanism in its minimal version, requiring at least four new sterile states in order to comply with neutrino data. Our analytical and numerical studies  reveal that one can have a successful leptogenesis at the temperature of the electroweak scale through oscillations between the two sterile states with a ``natural'' origin of the strong degeneracy in their mass spectrum. We also revisit the analytical expression of the baryon asymmetry of the Universe in the weak washout regime of this framework.</subfield>
  </datafield>
  <datafield tag="540" ind1=" " ind2=" ">
    <subfield code="a">CC-BY-3.0</subfield>
    <subfield code="u">http://creativecommons.org/licenses/by/3.0/</subfield>
  </datafield>
  <datafield tag="542" ind1=" " ind2=" ">
    <subfield code="f"></subfield>
  </datafield>
  <datafield tag="591" ind1=" " ind2=" ">
    <subfield code="a">Category:1</subfield>
  </datafield>
  <datafield tag="591" ind1=" " ind2=" ">
    <subfield code="a">CC:1</subfield>
  </datafield>
  <datafield tag="591" ind1=" " ind2=" ">
    <subfield code="a">Authors:1</subfield>
  </datafield>
  <datafield tag="591" ind1=" " ind2=" ">
    <subfield code="a">SCOAP3:1</subfield>
  </datafield>
  <datafield tag="653" ind1="1" ind2=" ">
    <subfield code="a">baryon asymmetry</subfield>
    <subfield code="9">author</subfield>
  </datafield>
  <datafield tag="653" ind1="1" ind2=" ">
    <subfield code="a">neutrino theory</subfield>
    <subfield code="9">author</subfield>
  </datafield>
  <datafield tag="653" ind1="1" ind2=" ">
    <subfield code="a">leptogenesis</subfield>
    <subfield code="9">author</subfield>
  </datafield>
  <datafield tag="653" ind1="1" ind2=" ">
    <subfield code="a">particle physics - cosmology connection</subfield>
    <subfield code="9">author</subfield>
  </datafield>
  <datafield tag="700" ind1=" " ind2=" ">
    <subfield code="a">Arcadi, Giorgio</subfield>
    <subfield code="v">Laboratoire de Physique Théorique, CNRS, Univ. Paris-Sud, Université Paris-Saclay,  Rue Henri Becquerel Batiment 210, Orsay, 91405 France</subfield>
    <subfield code="w">France</subfield>
  </datafield>
  <datafield tag="700" ind1=" " ind2=" ">
    <subfield code="a">Domcke, Valerie</subfield>
    <subfield code="v">SISSA,  Via Bonomea 265,  Trieste, 34136 Italy</subfield>
    <subfield code="v">INFN-Sezione di Trieste,  via Valerio 2, Trieste, 34127 Italy</subfield>
    <subfield code="w">Italy</subfield>
  </datafield>
  <datafield tag="700" ind1=" " ind2=" ">
    <subfield code="a">Lucente, Michele</subfield>
    <subfield code="v">Laboratoire de Physique Théorique, CNRS, Univ. Paris-Sud, Université Paris-Saclay,  Rue Henri Becquerel Batiment 210, Orsay, 91405 France</subfield>
    <subfield code="v">SISSA,  Via Bonomea 265,  Trieste, 34136 Italy</subfield>
    <subfield code="w">Italy</subfield>
    <subfield code="w">France</subfield>
  </datafield>
  <datafield tag="773" ind1=" " ind2=" ">
    <subfield code="p">JCAP</subfield>
    <subfield code="v">1511</subfield>
    <subfield code="n">11</subfield>
    <subfield code="c">041</subfield>
    <subfield code="y">2015</subfield>
  </datafield>
  <datafield tag="856" ind1="4" ind2=" ">
    <subfield code="s">129890</subfield>
    <subfield code="u">http://repo.scoap3.org/record/12774/files/fulltext.xml</subfield>
  </datafield>
  <datafield tag="856" ind1="4" ind2=" ">
    <subfield code="s">2751064</subfield>
    <subfield code="u">http://repo.scoap3.org/record/12774/files/fulltext.pdf</subfield>
  </datafield>
  <datafield tag="909" ind1="C" ind2="O">
    <subfield code="o">oai:repo.scoap3.org:12774</subfield>
    <subfield code="p">GLOBAL_SET</subfield>
    <subfield code="p">JOURNAL_OF_COSMOLOGY_AND_ASTROPARTICLE_PHYSICS</subfield>
  </datafield>
  <datafield tag="980" ind1=" " ind2=" ">
    <subfield code="a">SCOAP3</subfield>
    <subfield code="b">IOP</subfield>
  </datafield>
</record>