
<record>
  <controlfield tag="001">12428</controlfield>
  <controlfield tag="005">20160315001611.0</controlfield>
  <datafield tag="022" ind1=" " ind2=" ">
    <subfield code="a">1475-7516</subfield>
  </datafield>
  <datafield tag="024" ind1="7" ind2=" ">
    <subfield code="a">10.1088/1475-7516/2015/10/058</subfield>
    <subfield code="2">DOI</subfield>
    <subfield code="t">2015-11-02T11:36:40Z</subfield>
  </datafield>
  <datafield tag="035" ind1=" " ind2=" ">
    <subfield code="a">1383853</subfield>
    <subfield code="9">INSPIRE</subfield>
  </datafield>
  <datafield tag="037" ind1=" " ind2=" ">
    <subfield code="a">arXiv:1507.05536</subfield>
    <subfield code="9">arXiv</subfield>
    <subfield code="a">arXiv:1507.05536</subfield>
  </datafield>
  <datafield tag="100" ind1=" " ind2=" ">
    <subfield code="a">Garcia-Cely, Camilo </subfield>
    <subfield code="v">Service de Physique Théorique, CP225, Université Libre de Bruxelles,   Bld du Triomphe, 1050 Brussels, Belgium</subfield>
    <subfield code="w">Belgium</subfield>
  </datafield>
  <datafield tag="245" ind1=" " ind2=" ">
    <subfield code="a">
Gamma-rays from Heavy Minimal Dark Matter</subfield>
  </datafield>
  <datafield tag="260" ind1=" " ind2=" ">
    <subfield code="c">2015-10-01</subfield>
    <subfield code="b">Institute of Physics Publishing/SISSA</subfield>
  </datafield>
  <datafield tag="520" ind1=" " ind2=" ">
    <subfield code="a">Motivated by the Minimal Dark Matter scenario, we consider   the annihilation into gamma rays of candidates in the fermionic   5-plet and scalar 7-plet representations of SU(2)L, taking into   account both the Sommerfeld effect and the internal   bremsstrahlung. Assuming the Einasto profile, we show that present   measurements of the Galactic Center by the H.E.S.S. instrument   exclude the 5-plet and 7-plet as the dominant form of dark matter   for masses between 1 TeV and 20 TeV, in particular, the 5-plet mass   leading to the observed dark matter density via thermal   freeze-out. We also discuss prospects for the upcoming Cherenkov   Telescope Array, which will be able to probe even heavier dark   matter masses, including the scenario where the scalar 7-plet is   thermally produced.</subfield>
  </datafield>
  <datafield tag="540" ind1=" " ind2=" ">
    <subfield code="a">CC-BY-3.0</subfield>
    <subfield code="u">http://creativecommons.org/licenses/by/3.0/</subfield>
  </datafield>
  <datafield tag="542" ind1=" " ind2=" ">
    <subfield code="f"></subfield>
  </datafield>
  <datafield tag="591" ind1=" " ind2=" ">
    <subfield code="a">Category:1</subfield>
  </datafield>
  <datafield tag="591" ind1=" " ind2=" ">
    <subfield code="a">CC:1</subfield>
  </datafield>
  <datafield tag="591" ind1=" " ind2=" ">
    <subfield code="a">Authors:1</subfield>
  </datafield>
  <datafield tag="591" ind1=" " ind2=" ">
    <subfield code="a">SCOAP3:1</subfield>
  </datafield>
  <datafield tag="653" ind1="1" ind2=" ">
    <subfield code="a">dark matter experiments</subfield>
    <subfield code="9">author</subfield>
  </datafield>
  <datafield tag="653" ind1="1" ind2=" ">
    <subfield code="a">dark matter theory</subfield>
    <subfield code="9">author</subfield>
  </datafield>
  <datafield tag="653" ind1="1" ind2=" ">
    <subfield code="a">gamma ray detectors</subfield>
    <subfield code="9">author</subfield>
  </datafield>
  <datafield tag="653" ind1="1" ind2=" ">
    <subfield code="a">gamma ray experiments</subfield>
    <subfield code="9">author</subfield>
  </datafield>
  <datafield tag="700" ind1=" " ind2=" ">
    <subfield code="a">Ibarra, Alejandro</subfield>
    <subfield code="v">Physik-Department T30d, Technische Universität München,   James-Franck-Straße, D-85748 Garching, Germany</subfield>
    <subfield code="w">Germany</subfield>
  </datafield>
  <datafield tag="700" ind1=" " ind2=" ">
    <subfield code="a">Lamperstorfer, Anna S.</subfield>
    <subfield code="v">Physik-Department T30d, Technische Universität München,   James-Franck-Straße, D-85748 Garching, Germany</subfield>
    <subfield code="w">Germany</subfield>
  </datafield>
  <datafield tag="700" ind1=" " ind2=" ">
    <subfield code="a">Tytgat, Michel H.G.</subfield>
    <subfield code="v">Service de Physique Théorique, CP225, Université Libre de Bruxelles,   Bld du Triomphe, 1050 Brussels, Belgium</subfield>
    <subfield code="w">Belgium</subfield>
  </datafield>
  <datafield tag="773" ind1=" " ind2=" ">
    <subfield code="p">JCAP</subfield>
    <subfield code="v">1510</subfield>
    <subfield code="n">10</subfield>
    <subfield code="c">058</subfield>
    <subfield code="y">2015</subfield>
  </datafield>
  <datafield tag="856" ind1="4" ind2=" ">
    <subfield code="s">5138313</subfield>
    <subfield code="u">http://repo.scoap3.org/record/12428/files/fulltext.pdf</subfield>
  </datafield>
  <datafield tag="856" ind1="4" ind2=" ">
    <subfield code="s">59593</subfield>
    <subfield code="u">http://repo.scoap3.org/record/12428/files/fulltext.xml</subfield>
  </datafield>
  <datafield tag="909" ind1="C" ind2="O">
    <subfield code="o">oai:repo.scoap3.org:12428</subfield>
    <subfield code="p">GLOBAL_SET</subfield>
    <subfield code="p">JOURNAL_OF_COSMOLOGY_AND_ASTROPARTICLE_PHYSICS</subfield>
  </datafield>
  <datafield tag="980" ind1=" " ind2=" ">
    <subfield code="a">SCOAP3</subfield>
    <subfield code="b">IOP</subfield>
  </datafield>
</record>