
<record>
  <controlfield tag="001">12426</controlfield>
  <controlfield tag="005">20160315001611.0</controlfield>
  <datafield tag="022" ind1=" " ind2=" ">
    <subfield code="a">1475-7516</subfield>
  </datafield>
  <datafield tag="024" ind1="7" ind2=" ">
    <subfield code="a">10.1088/1475-7516/2015/10/054</subfield>
    <subfield code="2">DOI</subfield>
    <subfield code="t">2015-11-02T11:36:40Z</subfield>
  </datafield>
  <datafield tag="035" ind1=" " ind2=" ">
    <subfield code="a">1373265</subfield>
    <subfield code="9">INSPIRE</subfield>
  </datafield>
  <datafield tag="037" ind1=" " ind2=" ">
    <subfield code="a">arXiv:1505.07113</subfield>
    <subfield code="9">arXiv</subfield>
    <subfield code="a">arXiv:1505.07113</subfield>
  </datafield>
  <datafield tag="100" ind1=" " ind2=" ">
    <subfield code="a">Craig, Nathaniel</subfield>
    <subfield code="v">Department of Physics, University of California,  Santa Barbara, CA 93106, U.S.A.</subfield>
    <subfield code="w">USA</subfield>
  </datafield>
  <datafield tag="245" ind1=" " ind2=" ">
    <subfield code="a">
The fraternal WIMP miracle</subfield>
  </datafield>
  <datafield tag="260" ind1=" " ind2=" ">
    <subfield code="c">2015-10-01</subfield>
    <subfield code="b">Institute of Physics Publishing/SISSA</subfield>
  </datafield>
  <datafield tag="520" ind1=" " ind2=" ">
    <subfield code="a">We identify and analyze thermal dark matter candidates in   the fraternal twin Higgs model and its generalizations. The relic   abundance of fraternal twin dark matter is set by twin weak   interactions, with a scale tightly tied to the weak scale of the   Standard Model by naturalness considerations. As such, the dark   matter candidates benefit from a ``fraternal WIMP miracle'',   reproducing the observed dark matter abundance for dark matter   masses between 50 and 150 GeV . However, the couplings dominantly   responsible for dark matter annihilation do not lead to interactions   with the visible sector. The direct detection rate is instead set   via fermionic Higgs portal interactions, which are likewise   constrained by naturalness considerations but parametrically weaker   than those leading to dark matter annihilation. The predicted direct   detection cross section is close to current LUX bounds and presents   an opportunity for the next generation of direct detection   experiments.</subfield>
  </datafield>
  <datafield tag="540" ind1=" " ind2=" ">
    <subfield code="a">CC-BY-3.0</subfield>
    <subfield code="u">http://creativecommons.org/licenses/by/3.0/</subfield>
  </datafield>
  <datafield tag="542" ind1=" " ind2=" ">
    <subfield code="f"></subfield>
  </datafield>
  <datafield tag="591" ind1=" " ind2=" ">
    <subfield code="a">Category:1</subfield>
  </datafield>
  <datafield tag="591" ind1=" " ind2=" ">
    <subfield code="a">CC:1</subfield>
  </datafield>
  <datafield tag="591" ind1=" " ind2=" ">
    <subfield code="a">Authors:1</subfield>
  </datafield>
  <datafield tag="591" ind1=" " ind2=" ">
    <subfield code="a">SCOAP3:1</subfield>
  </datafield>
  <datafield tag="653" ind1="1" ind2=" ">
    <subfield code="a">cosmology of theories beyond the SM</subfield>
    <subfield code="9">author</subfield>
  </datafield>
  <datafield tag="653" ind1="1" ind2=" ">
    <subfield code="a">dark matter theory</subfield>
    <subfield code="9">author</subfield>
  </datafield>
  <datafield tag="653" ind1="1" ind2=" ">
    <subfield code="a">particle physics - cosmology connection</subfield>
    <subfield code="9">author</subfield>
  </datafield>
  <datafield tag="700" ind1=" " ind2=" ">
    <subfield code="a">Katz, Andrey</subfield>
    <subfield code="v">Theory Division, CERN,  CH-1211 Geneva 23, Switzerland</subfield>
    <subfield code="v"> Department of Theoretical Physics and Center for Astroparticle Physics (CAP),  Université de Genève,  24 quai E. Ansermet, CH-1211, Geneva 4, Switzerland</subfield>
    <subfield code="w">CERN</subfield>
    <subfield code="w">Switzerland</subfield>
  </datafield>
  <datafield tag="773" ind1=" " ind2=" ">
    <subfield code="p">JCAP</subfield>
    <subfield code="v">1510</subfield>
    <subfield code="n">10</subfield>
    <subfield code="c">054</subfield>
    <subfield code="y">2015</subfield>
  </datafield>
  <datafield tag="856" ind1="4" ind2=" ">
    <subfield code="s">1138977</subfield>
    <subfield code="u">http://repo.scoap3.org/record/12426/files/fulltext.pdf</subfield>
  </datafield>
  <datafield tag="856" ind1="4" ind2=" ">
    <subfield code="s">79174</subfield>
    <subfield code="u">http://repo.scoap3.org/record/12426/files/fulltext.xml</subfield>
  </datafield>
  <datafield tag="909" ind1="C" ind2="O">
    <subfield code="o">oai:repo.scoap3.org:12426</subfield>
    <subfield code="p">GLOBAL_SET</subfield>
    <subfield code="p">JOURNAL_OF_COSMOLOGY_AND_ASTROPARTICLE_PHYSICS</subfield>
  </datafield>
  <datafield tag="980" ind1=" " ind2=" ">
    <subfield code="a">SCOAP3</subfield>
    <subfield code="b">IOP</subfield>
  </datafield>
</record>