
<record>
  <controlfield tag="001">12346</controlfield>
  <controlfield tag="005">20160315001239.0</controlfield>
  <datafield tag="022" ind1=" " ind2=" ">
    <subfield code="a">1475-7516</subfield>
  </datafield>
  <datafield tag="024" ind1="7" ind2=" ">
    <subfield code="a">10.1088/1475-7516/2015/10/045</subfield>
    <subfield code="2">DOI</subfield>
    <subfield code="t">2015-10-25T00:28:36Z</subfield>
  </datafield>
  <datafield tag="035" ind1=" " ind2=" ">
    <subfield code="a">1373276</subfield>
    <subfield code="9">INSPIRE</subfield>
  </datafield>
  <datafield tag="037" ind1=" " ind2=" ">
    <subfield code="a">arXiv:1505.07366</subfield>
    <subfield code="9">arXiv</subfield>
    <subfield code="a">arXiv:1505.07366</subfield>
  </datafield>
  <datafield tag="100" ind1=" " ind2=" ">
    <subfield code="a">Heurtier, L.</subfield>
    <subfield code="v">Centre de Physique Théorique, École Polytechnique, CNRS,  91128 Palaiseau, France</subfield>
    <subfield code="w">France</subfield>
  </datafield>
  <datafield tag="245" ind1=" " ind2=" ">
    <subfield code="a">
 Single field inflation in supergravity with a U(1) gauge symmetry</subfield>
  </datafield>
  <datafield tag="260" ind1=" " ind2=" ">
    <subfield code="c">2015-10-01</subfield>
    <subfield code="b">Institute of Physics Publishing/SISSA</subfield>
  </datafield>
  <datafield tag="520" ind1=" " ind2=" ">
    <subfield code="a">A single field inflation based on a supergravity model with  a shift symmetry and U(1) extension of the MSSM is analyzed.  We show that one of the real components of the two U(1) charged scalar fields plays the role of inflaton with an effective scalar potential similar to the ``new chaotic inflation'' scenario. Both non-anomalous and anomalous (with Fayet-Iliopoulos term) U(1) are studied.   We show that the non-anomalous U(1) scenario is consistent with data of the cosmic microwave background and recent astrophysical measurements. A possible kinetic mixing between U(1)  and U(1)B−L is considered in order to allow for natural decay channels of the inflaton, leading to a reheating epoch. Upper limits on the reheating temperature thus turn out to favour an intermediate (∼ 𝒪(1013) GeV) scale B−L symmetry breaking.</subfield>
  </datafield>
  <datafield tag="540" ind1=" " ind2=" ">
    <subfield code="a">CC-BY-3.0</subfield>
    <subfield code="u">http://creativecommons.org/licenses/by/3.0/</subfield>
  </datafield>
  <datafield tag="542" ind1=" " ind2=" ">
    <subfield code="f"></subfield>
  </datafield>
  <datafield tag="591" ind1=" " ind2=" ">
    <subfield code="a">Category:1</subfield>
  </datafield>
  <datafield tag="591" ind1=" " ind2=" ">
    <subfield code="a">CC:1</subfield>
  </datafield>
  <datafield tag="591" ind1=" " ind2=" ">
    <subfield code="a">Authors:1</subfield>
  </datafield>
  <datafield tag="591" ind1=" " ind2=" ">
    <subfield code="a">SCOAP3:1</subfield>
  </datafield>
  <datafield tag="653" ind1="1" ind2=" ">
    <subfield code="a">inflation</subfield>
    <subfield code="9">author</subfield>
  </datafield>
  <datafield tag="653" ind1="1" ind2=" ">
    <subfield code="a">cosmology of theories beyond the SM</subfield>
    <subfield code="9">author</subfield>
  </datafield>
  <datafield tag="653" ind1="1" ind2=" ">
    <subfield code="a">supersymmetry and cosmology</subfield>
    <subfield code="9">author</subfield>
  </datafield>
  <datafield tag="653" ind1="1" ind2=" ">
    <subfield code="a">particle physics - cosmology connection</subfield>
    <subfield code="9">author</subfield>
  </datafield>
  <datafield tag="700" ind1=" " ind2=" ">
    <subfield code="a">Khalil, S.</subfield>
    <subfield code="v">Center for Fundamental Physics, Zewail City of Science and Technology,  6 October City, Cairo, Egypt</subfield>
    <subfield code="v">Department of Mathematics, Faculty of Science, Ain Shams University,  Cairo, 11566, Egypt</subfield>
    <subfield code="w">Egypt</subfield>
  </datafield>
  <datafield tag="700" ind1=" " ind2=" ">
    <subfield code="a">Moursy, A.</subfield>
    <subfield code="v">Center for Fundamental Physics, Zewail City of Science and Technology,  6 October City, Cairo, Egypt</subfield>
    <subfield code="w">Egypt</subfield>
  </datafield>
  <datafield tag="773" ind1=" " ind2=" ">
    <subfield code="p">JCAP</subfield>
    <subfield code="v">1510</subfield>
    <subfield code="n">10</subfield>
    <subfield code="c">045</subfield>
    <subfield code="y">2015</subfield>
  </datafield>
  <datafield tag="856" ind1="4" ind2=" ">
    <subfield code="s">59869</subfield>
    <subfield code="u">http://repo.scoap3.org/record/12346/files/fulltext.xml</subfield>
  </datafield>
  <datafield tag="856" ind1="4" ind2=" ">
    <subfield code="s">648432</subfield>
    <subfield code="u">http://repo.scoap3.org/record/12346/files/fulltext.pdf</subfield>
  </datafield>
  <datafield tag="909" ind1="C" ind2="O">
    <subfield code="o">oai:repo.scoap3.org:12346</subfield>
    <subfield code="p">GLOBAL_SET</subfield>
    <subfield code="p">JOURNAL_OF_COSMOLOGY_AND_ASTROPARTICLE_PHYSICS</subfield>
  </datafield>
  <datafield tag="980" ind1=" " ind2=" ">
    <subfield code="a">SCOAP3</subfield>
    <subfield code="b">IOP</subfield>
  </datafield>
</record>