
<record>
  <controlfield tag="001">12240</controlfield>
  <controlfield tag="005">20160315001239.0</controlfield>
  <datafield tag="022" ind1=" " ind2=" ">
    <subfield code="a">1475-7516</subfield>
  </datafield>
  <datafield tag="024" ind1="7" ind2=" ">
    <subfield code="a">10.1088/1475-7516/2015/10/026</subfield>
    <subfield code="2">DOI</subfield>
    <subfield code="t">2015-10-16T16:01:00Z</subfield>
  </datafield>
  <datafield tag="035" ind1=" " ind2=" ">
    <subfield code="a">1383851</subfield>
    <subfield code="9">INSPIRE</subfield>
  </datafield>
  <datafield tag="037" ind1=" " ind2=" ">
    <subfield code="a">arXiv:1507.05519</subfield>
    <subfield code="9">arXiv</subfield>
    <subfield code="a">arXiv:1507.05519</subfield>
  </datafield>
  <datafield tag="100" ind1=" " ind2=" ">
    <subfield code="a">Cirelli, Marco</subfield>
    <subfield code="v">Institut de Physique Théorique, Université Paris Saclay, CNRS, CEA,   Orme des Merisiers, F-91191 Gif-sur-Yvette, France</subfield>
    <subfield code="w">France</subfield>
  </datafield>
  <datafield tag="245" ind1=" " ind2=" ">
    <subfield code="a">
Gamma ray tests of Minimal Dark Matter</subfield>
  </datafield>
  <datafield tag="260" ind1=" " ind2=" ">
    <subfield code="c">2015-10-01</subfield>
    <subfield code="b">Institute of Physics Publishing/SISSA</subfield>
  </datafield>
  <datafield tag="520" ind1=" " ind2=" ">
    <subfield code="a">We reconsider the model of Minimal Dark Matter (a fermionic,   hypercharge-less quintuplet of the EW interactions) and compute its   gamma ray signatures. We compare them with a number of gamma ray   probes: the galactic halo diffuse measurements, the galactic center   line searches and recent dwarf galaxies observations. We find that   the original minimal model, whose mass is fixed at 9.4 TeV by the   relic abundance requirement, is constrained by the line searches   from the Galactic Center: it is ruled out if the Milky Way possesses   a cuspy profile such as NFW but it is still allowed if it has a   cored one. Observations of dwarf spheroidal galaxies are also   relevant (in particular searches for lines), and ongoing   astrophysical progresses on these systems have the potential to   eventually rule out the model. We also explore a wider mass range,   which applies to the case in which the relic abundance requirement   is relaxed. Most of our results can be safely extended to the larger   class of multi-TeV WIMP DM annihilating into massive gauge bosons.</subfield>
  </datafield>
  <datafield tag="540" ind1=" " ind2=" ">
    <subfield code="a">CC-BY-3.0</subfield>
    <subfield code="u">http://creativecommons.org/licenses/by/3.0/</subfield>
  </datafield>
  <datafield tag="542" ind1=" " ind2=" ">
    <subfield code="f"></subfield>
  </datafield>
  <datafield tag="591" ind1=" " ind2=" ">
    <subfield code="a">Category:1</subfield>
  </datafield>
  <datafield tag="591" ind1=" " ind2=" ">
    <subfield code="a">CC:1</subfield>
  </datafield>
  <datafield tag="591" ind1=" " ind2=" ">
    <subfield code="a">Authors:1</subfield>
  </datafield>
  <datafield tag="591" ind1=" " ind2=" ">
    <subfield code="a">SCOAP3:1</subfield>
  </datafield>
  <datafield tag="653" ind1="1" ind2=" ">
    <subfield code="a">dark matter experiments</subfield>
    <subfield code="9">author</subfield>
  </datafield>
  <datafield tag="653" ind1="1" ind2=" ">
    <subfield code="a">dark matter theory</subfield>
    <subfield code="9">author</subfield>
  </datafield>
  <datafield tag="653" ind1="1" ind2=" ">
    <subfield code="a">gamma ray theory</subfield>
    <subfield code="9">author</subfield>
  </datafield>
  <datafield tag="653" ind1="1" ind2=" ">
    <subfield code="a">gamma ray detectors</subfield>
    <subfield code="9">author</subfield>
  </datafield>
  <datafield tag="700" ind1=" " ind2=" ">
    <subfield code="a">Hambye, Thomas</subfield>
    <subfield code="v">Service de Physique Theórique, Université Libre de Bruxelles,   Boulevard du Triomphe, CP225, 1050 Brussels, Belgium</subfield>
    <subfield code="w">Belgium</subfield>
  </datafield>
  <datafield tag="700" ind1=" " ind2=" ">
    <subfield code="a">Panci, Paolo</subfield>
    <subfield code="v">Institut d'Astrophysique de Paris, UMR 7095 CNRS,  Université Pierre et Marie Curie,   98 bis Boulevard Arago, Paris 75014, France</subfield>
    <subfield code="w">France</subfield>
  </datafield>
  <datafield tag="700" ind1=" " ind2=" ">
    <subfield code="a">Sala, Filippo</subfield>
    <subfield code="v">Institut de Physique Théorique, Université Paris Saclay, CNRS, CEA,   Orme des Merisiers, F-91191 Gif-sur-Yvette, France</subfield>
    <subfield code="w">France</subfield>
  </datafield>
  <datafield tag="700" ind1=" " ind2=" ">
    <subfield code="a">Taoso, Marco</subfield>
    <subfield code="v">Institut de Physique Théorique, Université Paris Saclay, CNRS, CEA,   Orme des Merisiers, F-91191 Gif-sur-Yvette, France</subfield>
    <subfield code="w">France</subfield>
  </datafield>
  <datafield tag="773" ind1=" " ind2=" ">
    <subfield code="p">JCAP</subfield>
    <subfield code="v">1510</subfield>
    <subfield code="n">10</subfield>
    <subfield code="c">026</subfield>
    <subfield code="y">2015</subfield>
  </datafield>
  <datafield tag="856" ind1="4" ind2=" ">
    <subfield code="s">2772429</subfield>
    <subfield code="u">http://repo.scoap3.org/record/12240/files/fulltext.pdf</subfield>
  </datafield>
  <datafield tag="856" ind1="4" ind2=" ">
    <subfield code="s">90850</subfield>
    <subfield code="u">http://repo.scoap3.org/record/12240/files/fulltext.xml</subfield>
  </datafield>
  <datafield tag="909" ind1="C" ind2="O">
    <subfield code="o">oai:repo.scoap3.org:12240</subfield>
    <subfield code="p">GLOBAL_SET</subfield>
    <subfield code="p">JOURNAL_OF_COSMOLOGY_AND_ASTROPARTICLE_PHYSICS</subfield>
  </datafield>
  <datafield tag="980" ind1=" " ind2=" ">
    <subfield code="a">SCOAP3</subfield>
    <subfield code="b">IOP</subfield>
  </datafield>
</record>