
<record>
  <controlfield tag="001">12107</controlfield>
  <controlfield tag="005">20160315001238.0</controlfield>
  <datafield tag="022" ind1=" " ind2=" ">
    <subfield code="a">1475-7516</subfield>
  </datafield>
  <datafield tag="024" ind1="7" ind2=" ">
    <subfield code="a">10.1088/1475-7516/2015/10/008</subfield>
    <subfield code="2">DOI</subfield>
    <subfield code="t">2015-10-07T12:33:24Z</subfield>
  </datafield>
  <datafield tag="035" ind1=" " ind2=" ">
    <subfield code="a">1384514</subfield>
    <subfield code="9">INSPIRE</subfield>
  </datafield>
  <datafield tag="037" ind1=" " ind2=" ">
    <subfield code="a">arXiv:1507.06431</subfield>
    <subfield code="9">arXiv</subfield>
    <subfield code="a">arXiv:1507.06431</subfield>
  </datafield>
  <datafield tag="100" ind1=" " ind2=" ">
    <subfield code="a">Bari, Pasquale Di</subfield>
    <subfield code="v">Department of Physics and Astronomy, University of Southampton,   Highfield, Southampton SO17 1BJ, United Kingdom</subfield>
    <subfield code="w">UK</subfield>
  </datafield>
  <datafield tag="245" ind1=" " ind2=" ">
    <subfield code="a">
 Successful N2 leptogenesis with flavour coupling effects in realistic unified models</subfield>
  </datafield>
  <datafield tag="260" ind1=" " ind2=" ">
    <subfield code="c">2015-10-01</subfield>
    <subfield code="b">Institute of Physics Publishing/SISSA</subfield>
  </datafield>
  <datafield tag="520" ind1=" " ind2=" ">
    <subfield code="a">In realistic unified models involving so-called   SO(10)-inspired patterns of Dirac and heavy right-handed (RH)   neutrino masses, the lightest right-handed neutrino N1 is too   light to yield successful thermal leptogenesis, barring highly fine   tuned solutions, while the second heaviest right-handed neutrino   N2 is typically in the correct mass range.  We show that flavour   coupling effects in the Boltzmann equations may be crucial to the   success of such N2 dominated leptogenesis, by helping to ensure   that the flavour asymmetries produced at the N2 scale survive   N1 washout.  To illustrate these effects we focus on N2   dominated leptogenesis in an existing model, the A to Z of flavour   with Pati-Salam, where the neutrino Dirac mass matrix may be equal   to an up-type quark mass matrix and has a particular constrained   structure. The numerical results, supported by analytical insight,   show that in order to achieve successful N2 leptogenesis,   consistent with neutrino phenomenology, requires a ``flavour swap   scenario'' together with a less hierarchical pattern of RH neutrino   masses than naively expected, at the expense of some mild   fine-tuning. In the considered A to Z model neutrino masses are   predicted to be normal ordered, with an atmospheric neutrino mixing   angle well into the second octant and the Dirac phase δ≃ 20̂, a set of predictions that will be tested in the next   years in neutrino oscillation experiments.  Flavour coupling effects   may be relevant for other SO(10)-inspired unified models where   N2 leptogenesis is necessary.  </subfield>
  </datafield>
  <datafield tag="540" ind1=" " ind2=" ">
    <subfield code="a">CC-BY-3.0</subfield>
    <subfield code="u">http://creativecommons.org/licenses/by/3.0/</subfield>
  </datafield>
  <datafield tag="542" ind1=" " ind2=" ">
    <subfield code="f"></subfield>
  </datafield>
  <datafield tag="591" ind1=" " ind2=" ">
    <subfield code="a">Category:1</subfield>
  </datafield>
  <datafield tag="591" ind1=" " ind2=" ">
    <subfield code="a">CC:1</subfield>
  </datafield>
  <datafield tag="591" ind1=" " ind2=" ">
    <subfield code="a">Authors:1</subfield>
  </datafield>
  <datafield tag="591" ind1=" " ind2=" ">
    <subfield code="a">SCOAP3:1</subfield>
  </datafield>
  <datafield tag="653" ind1="1" ind2=" ">
    <subfield code="a">neutrino theory</subfield>
    <subfield code="9">author</subfield>
  </datafield>
  <datafield tag="653" ind1="1" ind2=" ">
    <subfield code="a">leptogenesis</subfield>
    <subfield code="9">author</subfield>
  </datafield>
  <datafield tag="700" ind1=" " ind2=" ">
    <subfield code="a">King, Stephen F.</subfield>
    <subfield code="v">Department of Physics and Astronomy, University of Southampton,   Highfield, Southampton SO17 1BJ, United Kingdom</subfield>
    <subfield code="w">UK</subfield>
  </datafield>
  <datafield tag="773" ind1=" " ind2=" ">
    <subfield code="p">JCAP</subfield>
    <subfield code="v">1510</subfield>
    <subfield code="n">10</subfield>
    <subfield code="c">008</subfield>
    <subfield code="y">2015</subfield>
  </datafield>
  <datafield tag="856" ind1="4" ind2=" ">
    <subfield code="s">672438</subfield>
    <subfield code="u">http://repo.scoap3.org/record/12107/files/fulltext.pdf</subfield>
  </datafield>
  <datafield tag="856" ind1="4" ind2=" ">
    <subfield code="s">87635</subfield>
    <subfield code="u">http://repo.scoap3.org/record/12107/files/fulltext.xml</subfield>
  </datafield>
  <datafield tag="909" ind1="C" ind2="O">
    <subfield code="o">oai:repo.scoap3.org:12107</subfield>
    <subfield code="p">GLOBAL_SET</subfield>
    <subfield code="p">JOURNAL_OF_COSMOLOGY_AND_ASTROPARTICLE_PHYSICS</subfield>
  </datafield>
  <datafield tag="980" ind1=" " ind2=" ">
    <subfield code="a">SCOAP3</subfield>
    <subfield code="b">IOP</subfield>
  </datafield>
</record>