
<record>
  <controlfield tag="001">12032</controlfield>
  <controlfield tag="005">20151125195156.0</controlfield>
  <datafield tag="022" ind1=" " ind2=" ">
    <subfield code="a">1475-7516</subfield>
  </datafield>
  <datafield tag="024" ind1="7" ind2=" ">
    <subfield code="a">10.1088/1475-7516/2015/09/063</subfield>
    <subfield code="2">DOI</subfield>
    <subfield code="t">2015-10-07T12:33:24Z</subfield>
  </datafield>
  <datafield tag="035" ind1=" " ind2=" ">
    <subfield code="a">1381731</subfield>
    <subfield code="9">INSPIRE</subfield>
  </datafield>
  <datafield tag="037" ind1=" " ind2=" ">
    <subfield code="a">arXiv:1507.01591</subfield>
    <subfield code="9">arXiv</subfield>
  </datafield>
  <datafield tag="100" ind1=" " ind2=" ">
    <subfield code="a">Aoki, Mayumi</subfield>
    <subfield code="v">Institute for Theoretical Physics, Kanazawa University,  Kanazawa 920-1192, Japan</subfield>
    <subfield code="w">Japan</subfield>
  </datafield>
  <datafield tag="245" ind1=" " ind2=" ">
    <subfield code="a">
Non-thermal production of minimal dark matter via right-handed neutrino decay</subfield>
  </datafield>
  <datafield tag="260" ind1=" " ind2=" ">
    <subfield code="c">2015-09-01</subfield>
    <subfield code="b">Institute of Physics Publishing/SISSA</subfield>
  </datafield>
  <datafield tag="520" ind1=" " ind2=" ">
    <subfield code="a">Minimal Dark Matter (MDM) stands as one of the simplest   dark matter scenarios. In MDM models, annihilation and   co-annihilation processes among the members of the MDM multiplet are   usually very efficient, pushing the dark matter mass above   𝒪(10) TeV in order to reproduce the observed dark matter   relic density. Motivated by this little drawback, in this paper we   consider an extension of the MDM scenario by three right-handed   neutrinos. Two specific choices for the MDM multiplet are studied: a   fermionic SU(2)L quintuplet and a scalar SU(2)L septuplet. The   lightest right-handed neutrino, with tiny Yukawa couplings, never   reaches thermal equilibrium in the early universe and is produced by   freeze-in. This creates a link between dark matter and neutrino   physics: dark matter can be non-thermally produced by the decay of   the lightest right-handed neutrino after freeze-out, allowing to   lower significantly the dark matter mass. We discuss the   phenomenology of the non-thermally produced MDM and, taking into   account significant Sommerfeld corrections, we find that the dark   matter mass must have some specific values in order not to be in   conflict with the current bounds from gamma-ray observations.</subfield>
  </datafield>
  <datafield tag="540" ind1=" " ind2=" ">
    <subfield code="a">CC-BY-3.0</subfield>
    <subfield code="u">http://creativecommons.org/licenses/by/3.0/</subfield>
  </datafield>
  <datafield tag="542" ind1=" " ind2=" ">
    <subfield code="f"></subfield>
  </datafield>
  <datafield tag="591" ind1=" " ind2=" ">
    <subfield code="a">CC:1</subfield>
  </datafield>
  <datafield tag="591" ind1=" " ind2=" ">
    <subfield code="a">Authors:1</subfield>
  </datafield>
  <datafield tag="591" ind1=" " ind2=" ">
    <subfield code="a">SCOAP3:1</subfield>
  </datafield>
  <datafield tag="591" ind1=" " ind2=" ">
    <subfield code="a">Category:1</subfield>
  </datafield>
  <datafield tag="653" ind1="1" ind2=" ">
    <subfield code="a">physics of the early universe</subfield>
    <subfield code="9">author</subfield>
  </datafield>
  <datafield tag="653" ind1="1" ind2=" ">
    <subfield code="a">dark matter theory</subfield>
    <subfield code="9">author</subfield>
  </datafield>
  <datafield tag="653" ind1="1" ind2=" ">
    <subfield code="a">gamma ray theory</subfield>
    <subfield code="9">author</subfield>
  </datafield>
  <datafield tag="653" ind1="1" ind2=" ">
    <subfield code="a">particle physics - cosmology connection</subfield>
    <subfield code="9">author</subfield>
  </datafield>
  <datafield tag="700" ind1=" " ind2=" ">
    <subfield code="a">Toma, Takashi</subfield>
    <subfield code="v">Laboratoire de Physique Théorique, CNRS - UMR 8627, Université de Paris-Sud 11,  F-91405 Orsay Cedex, France</subfield>
    <subfield code="w">France</subfield>
  </datafield>
  <datafield tag="700" ind1=" " ind2=" ">
    <subfield code="a">Vicente, Avelino</subfield>
    <subfield code="v">IFPA, Dep. AGO, Université de Liège,  Bat B5, Sart-Tilman B-4000 Liège 1, Belgium</subfield>
    <subfield code="v">Instituto de Física Corpuscular, CSIC-Universitat de València,  Apdo. 22085, E-46071 Valencia, Spain</subfield>
    <subfield code="w">Belgium</subfield>
    <subfield code="w">Spain</subfield>
  </datafield>
  <datafield tag="773" ind1=" " ind2=" ">
    <subfield code="p">JCAP</subfield>
    <subfield code="v">1509</subfield>
    <subfield code="n">09</subfield>
    <subfield code="c">063</subfield>
    <subfield code="y">2015</subfield>
  </datafield>
  <datafield tag="856" ind1="4" ind2=" ">
    <subfield code="s">70280</subfield>
    <subfield code="u">http://repo.scoap3.org/record/12032/files/fulltext.xml</subfield>
  </datafield>
  <datafield tag="856" ind1="4" ind2=" ">
    <subfield code="s">728344</subfield>
    <subfield code="u">http://repo.scoap3.org/record/12032/files/fulltext.pdf</subfield>
  </datafield>
  <datafield tag="909" ind1="C" ind2="O">
    <subfield code="o">oai:repo.scoap3.org:12032</subfield>
    <subfield code="p">GLOBAL_SET</subfield>
    <subfield code="p">JOURNAL_OF_COSMOLOGY_AND_ASTROPARTICLE_PHYSICS</subfield>
  </datafield>
  <datafield tag="980" ind1=" " ind2=" ">
    <subfield code="a">SCOAP3</subfield>
    <subfield code="b">IOP</subfield>
  </datafield>
</record>