
<record>
  <controlfield tag="001">11908</controlfield>
  <controlfield tag="005">20150921162248.0</controlfield>
  <datafield tag="022" ind1=" " ind2=" ">
    <subfield code="a">1475-7516</subfield>
  </datafield>
  <datafield tag="024" ind1="7" ind2=" ">
    <subfield code="a">10.1088/1475-7516/2015/09/052</subfield>
    <subfield code="2">DOI</subfield>
  </datafield>
  <datafield tag="035" ind1=" " ind2=" ">
    <subfield code="a">1375479</subfield>
    <subfield code="9">INSPIRE</subfield>
  </datafield>
  <datafield tag="037" ind1=" " ind2=" ">
    <subfield code="a">arXiv:1506.03386</subfield>
    <subfield code="9">arXiv</subfield>
  </datafield>
  <datafield tag="100" ind1=" " ind2=" ">
    <subfield code="a">Ferrer, Francesc</subfield>
    <subfield code="v">Physics Department and McDonnell Center for the Space Sciences,  Washington University in Saint Louis,  1 Brookings Drive—CB 1105, St Louis, MO 63130, U.S.A.</subfield>
    <subfield code="w">USA</subfield>
  </datafield>
  <datafield tag="245" ind1=" " ind2=" ">
    <subfield code="a">
A novel approach to derive halo-independent limits on dark matter properties</subfield>
  </datafield>
  <datafield tag="260" ind1=" " ind2=" ">
    <subfield code="c">2015-09-01</subfield>
    <subfield code="b">Institute of Physics Publishing/SISSA</subfield>
  </datafield>
  <datafield tag="520" ind1=" " ind2=" ">
    <subfield code="a">We propose a method that allows to place an upper limit on the dark matter elastic scattering cross section with nucleons which is independent of the velocity distribution. Our approach combines null results from direct detection experiments with indirect searches at neutrino telescopes, and goes beyond previous attempts to remove astrophysical uncertainties in that it directly constrains the particle physics properties of the dark matter. The resulting halo-independent upper limits on the scattering cross section of dark matter are remarkably strong and reach σSIp ≲ 10−43 (10−42) cm2 and σSDp ≲ 10−37 (3× 10−37) cm2, for dark matter particles of mDM ∼ 1 TeV annihilating into W+W− (bb̄), assuming ρloc=0.3 GeV/cm3.</subfield>
  </datafield>
  <datafield tag="540" ind1=" " ind2=" ">
    <subfield code="a">CC-BY-3.0</subfield>
    <subfield code="u">http://creativecommons.org/licenses/by/3.0/</subfield>
  </datafield>
  <datafield tag="542" ind1=" " ind2=" ">
    <subfield code="f"></subfield>
  </datafield>
  <datafield tag="591" ind1=" " ind2=" ">
    <subfield code="a">CC:1</subfield>
  </datafield>
  <datafield tag="591" ind1=" " ind2=" ">
    <subfield code="a">Authors:1</subfield>
  </datafield>
  <datafield tag="591" ind1=" " ind2=" ">
    <subfield code="a">SCOAP3:1</subfield>
  </datafield>
  <datafield tag="591" ind1=" " ind2=" ">
    <subfield code="a">Category:1</subfield>
  </datafield>
  <datafield tag="653" ind1="1" ind2=" ">
    <subfield code="a">dark matter experiments</subfield>
    <subfield code="9">author</subfield>
  </datafield>
  <datafield tag="653" ind1="1" ind2=" ">
    <subfield code="a">dark matter theory</subfield>
    <subfield code="9">author</subfield>
  </datafield>
  <datafield tag="700" ind1=" " ind2=" ">
    <subfield code="a">Ibarra, Alejandro</subfield>
    <subfield code="v">Physik-Department T30d, Technische Universität München,  James-Franck-Straße, 85748 Garching, Germany</subfield>
    <subfield code="w">Germany</subfield>
  </datafield>
  <datafield tag="700" ind1=" " ind2=" ">
    <subfield code="a">Wild, Sebastian</subfield>
    <subfield code="v">Physik-Department T30d, Technische Universität München,  James-Franck-Straße, 85748 Garching, Germany</subfield>
    <subfield code="w">Germany</subfield>
  </datafield>
  <datafield tag="773" ind1=" " ind2=" ">
    <subfield code="p">JCAP</subfield>
    <subfield code="v">1509</subfield>
    <subfield code="n">09</subfield>
    <subfield code="c">052</subfield>
    <subfield code="y">2015</subfield>
  </datafield>
  <datafield tag="856" ind1="4" ind2=" ">
    <subfield code="s">58596</subfield>
    <subfield code="u">http://repo.scoap3.org/record/11908/files/fulltext.xml</subfield>
  </datafield>
  <datafield tag="856" ind1="4" ind2=" ">
    <subfield code="s">989820</subfield>
    <subfield code="u">http://repo.scoap3.org/record/11908/files/fulltext.pdf</subfield>
  </datafield>
  <datafield tag="909" ind1="C" ind2="O">
    <subfield code="o">oai:repo.scoap3.org:11908</subfield>
    <subfield code="p">GLOBAL_SET</subfield>
    <subfield code="p">JOURNAL_OF_COSMOLOGY_AND_ASTROPARTICLE_PHYSICS</subfield>
  </datafield>
  <datafield tag="980" ind1=" " ind2=" ">
    <subfield code="a">SCOAP3</subfield>
    <subfield code="b">IOP</subfield>
  </datafield>
</record>