
<record>
  <controlfield tag="001">11907</controlfield>
  <controlfield tag="005">20150921162247.0</controlfield>
  <datafield tag="022" ind1=" " ind2=" ">
    <subfield code="a">1475-7516</subfield>
  </datafield>
  <datafield tag="024" ind1="7" ind2=" ">
    <subfield code="a">10.1088/1475-7516/2015/09/049</subfield>
    <subfield code="2">DOI</subfield>
  </datafield>
  <datafield tag="037" ind1=" " ind2=" ">
    <subfield code="a">arXiv:1410.0171</subfield>
    <subfield code="9">arXiv</subfield>
  </datafield>
  <datafield tag="100" ind1=" " ind2=" ">
    <subfield code="a">Jin, Hong-Bo</subfield>
    <subfield code="v">State Key Laboratory of Theoretical Physics,  Institute   of  Theoretical Physics,  Chinese Academy of Sciences,  Zhong Guan Cun East Street 55 #, P.O. Box 2735,  Beijing, 100190 P.R. China</subfield>
    <subfield code="v">National Astronomical  Observatories,  Chinese Academy of Sciences,  Datun Rd, Chaoyang, Beijing, P.R. China</subfield>
    <subfield code="w">China</subfield>
  </datafield>
  <datafield tag="245" ind1=" " ind2=" ">
    <subfield code="a">
Cosmic ray propagation and dark matter in light of the latest AMS-02 data</subfield>
  </datafield>
  <datafield tag="260" ind1=" " ind2=" ">
    <subfield code="c">2015-09-01</subfield>
    <subfield code="b">Institute of Physics Publishing/SISSA</subfield>
  </datafield>
  <datafield tag="520" ind1=" " ind2=" ">
    <subfield code="a">The AMS-02 experiment is measuring the high energy cosmic rays with unprecedented accuracy. We explore the possibility of determining the cosmic-ray propagation models using the AMS-02 data alone. A global Bayesian analysis of the constraints on the cosmic-ray propagation models from the preliminary AMS-02 data on the Boron to Carbon nuclei flux ratio and proton flux is performed, with the assumption that the primary nucleon source is a broken power law in rigidity. The ratio of the diffusion coefficient D0 to the diffusive halo height Zh is  determined with high accuracy D0/Zh≃ 2.00±0.07 cm2s−1kpc−1, and the value of the halo width is found to be Zh≃ 3.3 kpc with uncertainty less than 50%. As a consequence, the typical uncertainties in the positron fraction predicted from dark matter (DM) annihilation is reduced to  a factor of two, and that in the antiproton flux is about an order of magnitude. Both of them are significantly smaller than that from the analyses prior to AMS-02. Taking into account the uncertainties and correlations in the propagation parameters, we derive conservative upper limits on the cross sections for DM annihilating into various standard model final states from the current PAMELA antiproton data. We also investigate the  reconstruction capability  of the future high precision AMS-02 antiproton data on the DM properties. The results show that for DM particles lighter than 0∼ 10 GeV and with typical thermal annihilation cross section, the cross section can be well reconstructed  with uncertainties about  a factor of two for the AMS-02 three-year data taking.</subfield>
  </datafield>
  <datafield tag="540" ind1=" " ind2=" ">
    <subfield code="a">CC-BY-3.0</subfield>
    <subfield code="u">http://creativecommons.org/licenses/by/3.0/</subfield>
  </datafield>
  <datafield tag="542" ind1=" " ind2=" ">
    <subfield code="f"></subfield>
  </datafield>
  <datafield tag="591" ind1=" " ind2=" ">
    <subfield code="a">CC:1</subfield>
  </datafield>
  <datafield tag="591" ind1=" " ind2=" ">
    <subfield code="a">Authors:1</subfield>
  </datafield>
  <datafield tag="591" ind1=" " ind2=" ">
    <subfield code="a">SCOAP3:1</subfield>
  </datafield>
  <datafield tag="591" ind1=" " ind2=" ">
    <subfield code="a">Category:1</subfield>
  </datafield>
  <datafield tag="653" ind1="1" ind2=" ">
    <subfield code="a">dark matter experiments</subfield>
    <subfield code="9">author</subfield>
  </datafield>
  <datafield tag="653" ind1="1" ind2=" ">
    <subfield code="a">dark matter theory</subfield>
    <subfield code="9">author</subfield>
  </datafield>
  <datafield tag="700" ind1=" " ind2=" ">
    <subfield code="a">Wu, Yue-Liang</subfield>
    <subfield code="v">State Key Laboratory of Theoretical Physics,  Institute   of  Theoretical Physics,  Chinese Academy of Sciences,  Zhong Guan Cun East Street 55 #, P.O. Box 2735,  Beijing, 100190 P.R. China</subfield>
    <subfield code="v">Kavli Institute for Theoretical Physics China,  Institute   of  Theoretical Physics,  Chinese Academy of Sciences,  Zhong Guan Cun East Street 55 #, P.O. Box 2735,  Beijing, 100190 P.R. China</subfield>
    <subfield code="v">University of Chinese Academy of Sciences,  Beijing, 100190 P.R. China</subfield>
    <subfield code="w">China</subfield>
  </datafield>
  <datafield tag="700" ind1=" " ind2=" ">
    <subfield code="a">Zhou, Yu-Feng</subfield>
    <subfield code="v">State Key Laboratory of Theoretical Physics,  Institute   of  Theoretical Physics,  Chinese Academy of Sciences,  Zhong Guan Cun East Street 55 #, P.O. Box 2735,  Beijing, 100190 P.R. China</subfield>
    <subfield code="v">Kavli Institute for Theoretical Physics China,  Institute   of  Theoretical Physics,  Chinese Academy of Sciences,  Zhong Guan Cun East Street 55 #, P.O. Box 2735,  Beijing, 100190 P.R. China</subfield>
    <subfield code="w">China</subfield>
  </datafield>
  <datafield tag="773" ind1=" " ind2=" ">
    <subfield code="p">JCAP</subfield>
    <subfield code="v">1509</subfield>
    <subfield code="n">09</subfield>
    <subfield code="c">049</subfield>
    <subfield code="y">2015</subfield>
  </datafield>
  <datafield tag="856" ind1="4" ind2=" ">
    <subfield code="s">1164531</subfield>
    <subfield code="u">http://repo.scoap3.org/record/11907/files/fulltext.pdf</subfield>
  </datafield>
  <datafield tag="856" ind1="4" ind2=" ">
    <subfield code="s">99627</subfield>
    <subfield code="u">http://repo.scoap3.org/record/11907/files/fulltext.xml</subfield>
  </datafield>
  <datafield tag="909" ind1="C" ind2="O">
    <subfield code="o">oai:repo.scoap3.org:11907</subfield>
    <subfield code="p">GLOBAL_SET</subfield>
    <subfield code="p">JOURNAL_OF_COSMOLOGY_AND_ASTROPARTICLE_PHYSICS</subfield>
    <subfield code="p">PR_China</subfield>
  </datafield>
  <datafield tag="980" ind1=" " ind2=" ">
    <subfield code="a">SCOAP3</subfield>
    <subfield code="b">IOP</subfield>
  </datafield>
</record>