
<record>
  <controlfield tag="001">11780</controlfield>
  <controlfield tag="005">20150911165739.0</controlfield>
  <datafield tag="022" ind1=" " ind2=" ">
    <subfield code="a">1475-7516</subfield>
  </datafield>
  <datafield tag="024" ind1="7" ind2=" ">
    <subfield code="a">10.1088/1475-7516/2015/9/035</subfield>
    <subfield code="2">DOI</subfield>
  </datafield>
  <datafield tag="035" ind1=" " ind2=" ">
    <subfield code="a">1343130</subfield>
    <subfield code="9">INSPIRE</subfield>
  </datafield>
  <datafield tag="037" ind1=" " ind2=" ">
    <subfield code="a">arXiv:1502.01695</subfield>
    <subfield code="9">arXiv</subfield>
  </datafield>
  <datafield tag="100" ind1=" " ind2=" ">
    <subfield code="a">Dhuria, Mansi</subfield>
    <subfield code="v">Physical Research Laboratory,  Navrangpura, Ahmedabad 380 009, India</subfield>
    <subfield code="w">India</subfield>
  </datafield>
  <datafield tag="245" ind1=" " ind2=" ">
    <subfield code="a">
 The eejj excess signal at the LHC and constraints on leptogenesis</subfield>
  </datafield>
  <datafield tag="260" ind1=" " ind2=" ">
    <subfield code="c">2015-09-01</subfield>
    <subfield code="b">Institute of Physics Publishing/SISSA</subfield>
  </datafield>
  <datafield tag="520" ind1=" " ind2=" ">
    <subfield code="a">We review the  non-supersymmetric (Extended) Left-Right Symmetric Models (LRSM) and low energy E6-based models to investigate if they can explain both the recently detected excess eejj signal at CMS and leptogenesis. The eejj excess can be explained from the decay of the right-handed gauge bosons (WR) with mass ∼ TeV in certain variants of the LRSM (with gL≠ gR). However such scenarios can not accommodate high-scale leptogenesis. Other attempts have been made to explain leptogenesis while  keeping the WR mass almost within the reach of the LHC by considering the resonant leptogenesis scenario in the context of the LRSM for relatively large Yukawa couplings. However, certain lepton number violating scattering processes involving the right-handed Higgs triplet and the right-handed neutrinos can stay in equilibrium till the electroweak phase transition and can washout the lepton asymmetry generated in the resonant leptogenesis scenario for mass range of WR as indicated by the CMS excess signal. Thus in such a scenario one needs to invoke post-sphaleron baryogenesis to explain the observed baryon asymmetry of the universe. Next, we consider three effective low energy subgroups of the superstring inspired E6 model having a number of additional exotic fermions which provides a rich phenomenology to be explored. We however find that these three effective low energy subgroups of E6 too cannot explain both the eejj excess signal and leptogenesis simultaneously.</subfield>
  </datafield>
  <datafield tag="540" ind1=" " ind2=" ">
    <subfield code="a">CC-BY-3.0</subfield>
    <subfield code="u">http://creativecommons.org/licenses/by/3.0/</subfield>
  </datafield>
  <datafield tag="542" ind1=" " ind2=" ">
    <subfield code="f"></subfield>
  </datafield>
  <datafield tag="591" ind1=" " ind2=" ">
    <subfield code="a">CC:1</subfield>
  </datafield>
  <datafield tag="591" ind1=" " ind2=" ">
    <subfield code="a">Authors:1</subfield>
  </datafield>
  <datafield tag="591" ind1=" " ind2=" ">
    <subfield code="a">SCOAP3:1</subfield>
  </datafield>
  <datafield tag="591" ind1=" " ind2=" ">
    <subfield code="a">Category:1</subfield>
  </datafield>
  <datafield tag="653" ind1="1" ind2=" ">
    <subfield code="a">baryon asymmetry</subfield>
    <subfield code="9">author</subfield>
  </datafield>
  <datafield tag="653" ind1="1" ind2=" ">
    <subfield code="a">leptogenesis</subfield>
    <subfield code="9">author</subfield>
  </datafield>
  <datafield tag="653" ind1="1" ind2=" ">
    <subfield code="a">particle physics - cosmology connection</subfield>
    <subfield code="9">author</subfield>
  </datafield>
  <datafield tag="700" ind1=" " ind2=" ">
    <subfield code="a">Hati, Chandan</subfield>
    <subfield code="v">Physical Research Laboratory,  Navrangpura, Ahmedabad 380 009, India</subfield>
    <subfield code="v">Indian Institute of Technology Gandhinagar,  Chandkheda, Ahmedabad 382 424, India</subfield>
    <subfield code="w">India</subfield>
  </datafield>
  <datafield tag="700" ind1=" " ind2=" ">
    <subfield code="a">Rangarajan, Raghavan</subfield>
    <subfield code="v">Physical Research Laboratory,  Navrangpura, Ahmedabad 380 009, India</subfield>
    <subfield code="w">India</subfield>
  </datafield>
  <datafield tag="700" ind1=" " ind2=" ">
    <subfield code="a">Sarkar, Utpal</subfield>
    <subfield code="v">Physical Research Laboratory,  Navrangpura, Ahmedabad 380 009, India</subfield>
    <subfield code="w">India</subfield>
  </datafield>
  <datafield tag="773" ind1=" " ind2=" ">
    <subfield code="p">JCAP</subfield>
    <subfield code="v">1509</subfield>
    <subfield code="n">09</subfield>
    <subfield code="c">035</subfield>
    <subfield code="y">2015</subfield>
  </datafield>
  <datafield tag="856" ind1="4" ind2=" ">
    <subfield code="s">56356</subfield>
    <subfield code="u">http://repo.scoap3.org/record/11780/files/fulltext.xml</subfield>
  </datafield>
  <datafield tag="856" ind1="4" ind2=" ">
    <subfield code="s">691594</subfield>
    <subfield code="u">http://repo.scoap3.org/record/11780/files/fulltext.pdf</subfield>
  </datafield>
  <datafield tag="909" ind1="C" ind2="O">
    <subfield code="o">oai:repo.scoap3.org:11780</subfield>
    <subfield code="p">GLOBAL_SET</subfield>
    <subfield code="p">JOURNAL_OF_COSMOLOGY_AND_ASTROPARTICLE_PHYSICS</subfield>
  </datafield>
  <datafield tag="980" ind1=" " ind2=" ">
    <subfield code="a">SCOAP3</subfield>
    <subfield code="b">IOP</subfield>
  </datafield>
</record>