
<record>
  <controlfield tag="001">11697</controlfield>
  <controlfield tag="005">20150907202605.0</controlfield>
  <datafield tag="022" ind1=" " ind2=" ">
    <subfield code="a">1475-7516</subfield>
  </datafield>
  <datafield tag="024" ind1="7" ind2=" ">
    <subfield code="a">10.1088/1475-7516/2015/09/019</subfield>
    <subfield code="2">DOI</subfield>
  </datafield>
  <datafield tag="035" ind1=" " ind2=" ">
    <subfield code="a">1376937</subfield>
    <subfield code="9">INSPIRE</subfield>
  </datafield>
  <datafield tag="037" ind1=" " ind2=" ">
    <subfield code="a">arXiv:1506.05689</subfield>
    <subfield code="9">arXiv</subfield>
  </datafield>
  <datafield tag="100" ind1=" " ind2=" ">
    <subfield code="a">Hansen, Jakob</subfield>
    <subfield code="v">KISTI,   Daejeon 305-806, Republic of Korea</subfield>
    <subfield code="w">South Korea</subfield>
  </datafield>
  <datafield tag="245" ind1=" " ind2=" ">
    <subfield code="a">
Charged black holes in string-inspired gravity
II. Mass inflation and dependence on parameters and potentials</subfield>
  </datafield>
  <datafield tag="260" ind1=" " ind2=" ">
    <subfield code="c">2015-09-01</subfield>
    <subfield code="b">Institute of Physics Publishing/SISSA</subfield>
  </datafield>
  <datafield tag="520" ind1=" " ind2=" ">
    <subfield code="a">We investigate the relation between the existence of mass   inflation and model parameters of string-inspired gravity models. In   order to cover various models, we investigate a Brans-Dicke theory   that is coupled to a U(1) gauge field. By tuning a model parameter   that decides the coupling between the Brans-Dicke field and the   electromagnetic field, we can make both of models such that the   Brans-Dicke field is biased toward strong or weak coupling   directions after gravitational collapses. We observe that as long as   the Brans-Dicke field is biased toward any (strong or weak)   directions, there is no Cauchy horizon and no mass   inflation. Therefore, we conclude that to induce a Cauchy horizon   and mass inflation inside a charged black hole, either there is no   bias of the Brans-Dicke field as well as no Brans-Dicke hair outside   the horizon or such a biased Brans-Dicke field should be well   trapped and controlled by a potential.</subfield>
  </datafield>
  <datafield tag="540" ind1=" " ind2=" ">
    <subfield code="a">CC-BY-3.0</subfield>
    <subfield code="u">http://creativecommons.org/licenses/by/3.0/</subfield>
  </datafield>
  <datafield tag="542" ind1=" " ind2=" ">
    <subfield code="f"></subfield>
  </datafield>
  <datafield tag="591" ind1=" " ind2=" ">
    <subfield code="a">CC:1</subfield>
  </datafield>
  <datafield tag="591" ind1=" " ind2=" ">
    <subfield code="a">Authors:1</subfield>
  </datafield>
  <datafield tag="591" ind1=" " ind2=" ">
    <subfield code="a">SCOAP3:1</subfield>
  </datafield>
  <datafield tag="591" ind1=" " ind2=" ">
    <subfield code="a">Category:1</subfield>
  </datafield>
  <datafield tag="653" ind1="1" ind2=" ">
    <subfield code="a">GR black holes</subfield>
    <subfield code="9">author</subfield>
  </datafield>
  <datafield tag="653" ind1="1" ind2=" ">
    <subfield code="a">modified gravity</subfield>
    <subfield code="9">author</subfield>
  </datafield>
  <datafield tag="700" ind1=" " ind2=" ">
    <subfield code="a">Yeom, Dong-han</subfield>
    <subfield code="v">Leung Center for Cosmology and Particle Astrophysics, National Taiwan University,   Taipei 10617, Taiwan</subfield>
    <subfield code="w">Taiwan</subfield>
  </datafield>
  <datafield tag="773" ind1=" " ind2=" ">
    <subfield code="p">JCAP</subfield>
    <subfield code="v">1509</subfield>
    <subfield code="n">09</subfield>
    <subfield code="c">019</subfield>
    <subfield code="y">2015</subfield>
  </datafield>
  <datafield tag="856" ind1="4" ind2=" ">
    <subfield code="s">4993705</subfield>
    <subfield code="u">http://repo.scoap3.org/record/11697/files/fulltext.pdf</subfield>
  </datafield>
  <datafield tag="856" ind1="4" ind2=" ">
    <subfield code="s">51697</subfield>
    <subfield code="u">http://repo.scoap3.org/record/11697/files/fulltext.xml</subfield>
  </datafield>
  <datafield tag="909" ind1="C" ind2="O">
    <subfield code="o">oai:repo.scoap3.org:11697</subfield>
    <subfield code="p">GLOBAL_SET</subfield>
    <subfield code="p">JOURNAL_OF_COSMOLOGY_AND_ASTROPARTICLE_PHYSICS</subfield>
  </datafield>
  <datafield tag="980" ind1=" " ind2=" ">
    <subfield code="a">SCOAP3</subfield>
    <subfield code="b">IOP</subfield>
  </datafield>
</record>