
<record>
  <controlfield tag="001">11630</controlfield>
  <controlfield tag="005">20150901173344.0</controlfield>
  <datafield tag="022" ind1=" " ind2=" ">
    <subfield code="a">1475-7516</subfield>
  </datafield>
  <datafield tag="024" ind1="7" ind2=" ">
    <subfield code="a">10.1088/1475-7516/2015/09/007</subfield>
    <subfield code="2">DOI</subfield>
  </datafield>
  <datafield tag="035" ind1=" " ind2=" ">
    <subfield code="a">1365819</subfield>
    <subfield code="9">INSPIRE</subfield>
  </datafield>
  <datafield tag="037" ind1=" " ind2=" ">
    <subfield code="a">arXiv:1505.00007</subfield>
    <subfield code="9">arXiv</subfield>
  </datafield>
  <datafield tag="100" ind1=" " ind2=" ">
    <subfield code="a">Pirtskhalava, David</subfield>
    <subfield code="v">Scuola Normale Superiore,   Piazza dei Cavalieri 7, 56126 Pisa, Italy</subfield>
    <subfield code="w">Italy</subfield>
  </datafield>
  <datafield tag="245" ind1=" " ind2=" ">
    <subfield code="a">
Weakly broken galileon symmetry</subfield>
  </datafield>
  <datafield tag="260" ind1=" " ind2=" ">
    <subfield code="c">2015-09-01</subfield>
    <subfield code="b">Institute of Physics Publishing/SISSA</subfield>
  </datafield>
  <datafield tag="520" ind1=" " ind2=" ">
    <subfield code="a">Effective theories of a scalar ϕ invariant under the   internal galileon symmetryϕ→ϕ+bμ xμ have   been extensively studied due to their special theoretical and   phenomenological properties.  In this paper, we introduce the notion   of weakly broken galileon invariance, which characterizes the   unique class of couplings of such theories to gravity that maximally   retain their defining symmetry. The curved-space remnant of the   galileon's quantum properties allows to construct (quasi) de Sitter   backgrounds largely insensitive to loop corrections. We exploit this   fact to build novel cosmological models with interesting   phenomenology, relevant for both inflation and late-time   acceleration of the universe.</subfield>
  </datafield>
  <datafield tag="540" ind1=" " ind2=" ">
    <subfield code="a">CC-BY-3.0</subfield>
    <subfield code="u">http://creativecommons.org/licenses/by/3.0/</subfield>
  </datafield>
  <datafield tag="542" ind1=" " ind2=" ">
    <subfield code="f"></subfield>
  </datafield>
  <datafield tag="591" ind1=" " ind2=" ">
    <subfield code="a">CC:1</subfield>
  </datafield>
  <datafield tag="591" ind1=" " ind2=" ">
    <subfield code="a">Authors:1</subfield>
  </datafield>
  <datafield tag="591" ind1=" " ind2=" ">
    <subfield code="a">SCOAP3:1</subfield>
  </datafield>
  <datafield tag="591" ind1=" " ind2=" ">
    <subfield code="a">Category:1</subfield>
  </datafield>
  <datafield tag="653" ind1="1" ind2=" ">
    <subfield code="a">dark energy theory</subfield>
    <subfield code="9">author</subfield>
  </datafield>
  <datafield tag="653" ind1="1" ind2=" ">
    <subfield code="a">inflation</subfield>
    <subfield code="9">author</subfield>
  </datafield>
  <datafield tag="653" ind1="1" ind2=" ">
    <subfield code="a">gravity</subfield>
    <subfield code="9">author</subfield>
  </datafield>
  <datafield tag="653" ind1="1" ind2=" ">
    <subfield code="a">modified gravity</subfield>
    <subfield code="9">author</subfield>
  </datafield>
  <datafield tag="700" ind1=" " ind2=" ">
    <subfield code="a">Santoni, Luca</subfield>
    <subfield code="v">Scuola Normale Superiore,   Piazza dei Cavalieri 7, 56126 Pisa, Italy</subfield>
    <subfield code="v">INFN, Sezione di Pisa,   Piazza dei Cavalieri 7, 56126 Pisa, Italy</subfield>
    <subfield code="w">Italy</subfield>
  </datafield>
  <datafield tag="700" ind1=" " ind2=" ">
    <subfield code="a">Trincherini, Enrico</subfield>
    <subfield code="v">Scuola Normale Superiore,   Piazza dei Cavalieri 7, 56126 Pisa, Italy</subfield>
    <subfield code="v">INFN, Sezione di Pisa,   Piazza dei Cavalieri 7, 56126 Pisa, Italy</subfield>
    <subfield code="w">Italy</subfield>
  </datafield>
  <datafield tag="700" ind1=" " ind2=" ">
    <subfield code="a">Vernizzi, Filippo</subfield>
    <subfield code="v">Institut de Physique Théorique, Université Paris Saclay, CEA, CNRS,   Gif-sur-Yvette cédex, F-91191 France</subfield>
    <subfield code="w">France</subfield>
  </datafield>
  <datafield tag="773" ind1=" " ind2=" ">
    <subfield code="p">JCAP</subfield>
    <subfield code="v">1509</subfield>
    <subfield code="n">09</subfield>
    <subfield code="c">007</subfield>
    <subfield code="y">2015</subfield>
  </datafield>
  <datafield tag="856" ind1="4" ind2=" ">
    <subfield code="s">115248</subfield>
    <subfield code="u">http://repo.scoap3.org/record/11630/files/fulltext.xml</subfield>
  </datafield>
  <datafield tag="856" ind1="4" ind2=" ">
    <subfield code="s">620668</subfield>
    <subfield code="u">http://repo.scoap3.org/record/11630/files/fulltext.pdf</subfield>
  </datafield>
  <datafield tag="909" ind1="C" ind2="O">
    <subfield code="o">oai:repo.scoap3.org:11630</subfield>
    <subfield code="p">GLOBAL_SET</subfield>
    <subfield code="p">JOURNAL_OF_COSMOLOGY_AND_ASTROPARTICLE_PHYSICS</subfield>
  </datafield>
  <datafield tag="980" ind1=" " ind2=" ">
    <subfield code="a">SCOAP3</subfield>
    <subfield code="b">IOP</subfield>
  </datafield>
</record>