
<record>
  <controlfield tag="001">11629</controlfield>
  <controlfield tag="005">20151125195137.0</controlfield>
  <datafield tag="022" ind1=" " ind2=" ">
    <subfield code="a">1475-7516</subfield>
  </datafield>
  <datafield tag="024" ind1="7" ind2=" ">
    <subfield code="a">10.1088/1475-7516/2015/09/006</subfield>
    <subfield code="2">DOI</subfield>
    <subfield code="t">2015-09-03T14:43:11Z</subfield>
  </datafield>
  <datafield tag="035" ind1=" " ind2=" ">
    <subfield code="a">1345148</subfield>
    <subfield code="9">INSPIRE</subfield>
  </datafield>
  <datafield tag="037" ind1=" " ind2=" ">
    <subfield code="a">arXiv:1502.05005</subfield>
    <subfield code="9">arXiv</subfield>
  </datafield>
  <datafield tag="100" ind1=" " ind2=" ">
    <subfield code="a">Li, Tianjun</subfield>
    <subfield code="v">State Key Laboratory of Theoretical Physics,    and Kavli Institute for Theoretical Physics China (KITPC),    Institute of Theoretical Physics, Chinese Academy of Sciences,   Beijing 100190, P.R. China</subfield>
    <subfield code="v">School of Physical Electronics,  University of Electronic Science and Technology of China,   Chengdu 610054, P.R. China</subfield>
    <subfield code="w">China</subfield>
  </datafield>
  <datafield tag="245" ind1=" " ind2=" ">
    <subfield code="a">
Symmetry breaking indication for supergravity inflation in light of the Planck 2015</subfield>
  </datafield>
  <datafield tag="260" ind1=" " ind2=" ">
    <subfield code="c">2015-09-01</subfield>
    <subfield code="b">Institute of Physics Publishing/SISSA</subfield>
  </datafield>
  <datafield tag="520" ind1=" " ind2=" ">
    <subfield code="a">Supergravity (SUGRA) theories with exact global U(1)   symmetry or shift symmetry in Kähler potential provide natural   frameworks for inflation. However, quadratic inflation is   disfavoured by the new results on primordial tensor fluctuations   from the Planck Collaboration. To be consistent with the new Planck   data, we point out that the explicit symmetry breaking is needed,   and study these two SUGRA inflation in detail. For SUGRA inflation   with global U(1) symmetry, the symmetry breaking term leads   to a trigonometric modulation on inflaton potential. Coefficient of   the U(1) symmetry breaking term is of order 10−2, which   is sufficient large to improve the inflationary predictions while   its higher order corrections are negligible. Such models predict   sizeable tensor fluctuations and highly agree with the Planck   results.  In particular, the model with a linear U(1)   symmetry breaking term predicts the tensor-to-scalar ratio around   r∼0.01 and running spectral index αs∼ −0.004,   which comfortably fit with the Planck observations.  For SUGRA   inflation with breaking shift symmetry, the inflaton potential is   modulated by an exponential factor. The modulated linear and   quadratic models are consistent with the Planck observations. In   both types of models the tensor-to-scalar ratio can be of order   10−2, which will be tested by the near future observations.</subfield>
  </datafield>
  <datafield tag="540" ind1=" " ind2=" ">
    <subfield code="a">CC-BY-3.0</subfield>
    <subfield code="u">http://creativecommons.org/licenses/by/3.0/</subfield>
  </datafield>
  <datafield tag="542" ind1=" " ind2=" ">
    <subfield code="f"></subfield>
  </datafield>
  <datafield tag="591" ind1=" " ind2=" ">
    <subfield code="a">CC:1</subfield>
  </datafield>
  <datafield tag="591" ind1=" " ind2=" ">
    <subfield code="a">Authors:1</subfield>
  </datafield>
  <datafield tag="591" ind1=" " ind2=" ">
    <subfield code="a">SCOAP3:1</subfield>
  </datafield>
  <datafield tag="591" ind1=" " ind2=" ">
    <subfield code="a">Category:1</subfield>
  </datafield>
  <datafield tag="653" ind1="1" ind2=" ">
    <subfield code="a">inflation</subfield>
    <subfield code="9">author</subfield>
  </datafield>
  <datafield tag="653" ind1="1" ind2=" ">
    <subfield code="a">supersymmetry and cosmology</subfield>
    <subfield code="9">author</subfield>
  </datafield>
  <datafield tag="653" ind1="1" ind2=" ">
    <subfield code="a">particle physics - cosmology connection</subfield>
    <subfield code="9">author</subfield>
  </datafield>
  <datafield tag="700" ind1=" " ind2=" ">
    <subfield code="a">Li, Zhijin</subfield>
    <subfield code="v">George P. and Cynthia W. Mitchell  Institute for Fundamental Physics and Astronomy,    Texas A&amp;M University, College Station, TX 77843, U.S.A.</subfield>
    <subfield code="w">USA</subfield>
  </datafield>
  <datafield tag="700" ind1=" " ind2=" ">
    <subfield code="a">Nanopoulos, Dimitri V.</subfield>
    <subfield code="v">George P. and Cynthia W. Mitchell  Institute for Fundamental Physics and Astronomy,    Texas A&amp;M University, College Station, TX 77843, U.S.A.</subfield>
    <subfield code="v">Astroparticle Physics Group, Houston Advanced Research Center (HARC),   Mitchell Campus, Woodlands, TX 77381, U.S.A.</subfield>
    <subfield code="v">Academy of Athens, Division of Natural Sciences,   28 Panepistimiou Avenue, Athens 10679, Greece</subfield>
    <subfield code="w">USA</subfield>
    <subfield code="w">Greece</subfield>
  </datafield>
  <datafield tag="773" ind1=" " ind2=" ">
    <subfield code="p">JCAP</subfield>
    <subfield code="v">1509</subfield>
    <subfield code="n">09</subfield>
    <subfield code="c">006</subfield>
    <subfield code="y">2015</subfield>
  </datafield>
  <datafield tag="856" ind1="4" ind2=" ">
    <subfield code="s">58322</subfield>
    <subfield code="u">http://repo.scoap3.org/record/11629/files/fulltext.xml</subfield>
  </datafield>
  <datafield tag="856" ind1="4" ind2=" ">
    <subfield code="s">638801</subfield>
    <subfield code="u">http://repo.scoap3.org/record/11629/files/fulltext.pdf</subfield>
  </datafield>
  <datafield tag="909" ind1="C" ind2="O">
    <subfield code="o">oai:repo.scoap3.org:11629</subfield>
    <subfield code="p">GLOBAL_SET</subfield>
    <subfield code="p">JOURNAL_OF_COSMOLOGY_AND_ASTROPARTICLE_PHYSICS</subfield>
    <subfield code="p">PR_China</subfield>
  </datafield>
  <datafield tag="980" ind1=" " ind2=" ">
    <subfield code="a">SCOAP3</subfield>
    <subfield code="b">IOP</subfield>
  </datafield>
</record>