
<record>
  <controlfield tag="001">11373</controlfield>
  <controlfield tag="005">20151125195118.0</controlfield>
  <datafield tag="022" ind1=" " ind2=" ">
    <subfield code="a">1475-7516</subfield>
  </datafield>
  <datafield tag="024" ind1="7" ind2=" ">
    <subfield code="a">10.1088/1475-7516/2015/08/019</subfield>
    <subfield code="2">DOI</subfield>
    <subfield code="t">2015-08-13T09:31:21Z</subfield>
  </datafield>
  <datafield tag="035" ind1=" " ind2=" ">
    <subfield code="a">1376459</subfield>
    <subfield code="9">INSPIRE</subfield>
  </datafield>
  <datafield tag="037" ind1=" " ind2=" ">
    <subfield code="a">arXiv:1506.05266</subfield>
    <subfield code="9">arXiv</subfield>
  </datafield>
  <datafield tag="100" ind1=" " ind2=" ">
    <subfield code="a">Hannestad, Steen</subfield>
    <subfield code="v">Department of Physics and Astronomy,   Aarhus University, 8000 Aarhus C, Denmark</subfield>
    <subfield code="v">Aarhus Institute of Advanced Studies,   Aarhus University, 8000 Aarhus C, Denmark</subfield>
    <subfield code="w">Denmark</subfield>
  </datafield>
  <datafield tag="245" ind1=" " ind2=" ">
    <subfield code="a">
Active-sterile neutrino oscillations in the early Universe with full collision terms</subfield>
  </datafield>
  <datafield tag="260" ind1=" " ind2=" ">
    <subfield code="c">2015-08-01</subfield>
    <subfield code="b">Institute of Physics Publishing/SISSA</subfield>
  </datafield>
  <datafield tag="520" ind1=" " ind2=" ">
    <subfield code="a">Sterile neutrinos are thermalised in the early Universe via   oscillations with the active neutrinos for certain mixing   parameters. The most detailed calculation of this thermalisation   process involves the solution of the momentum-dependent quantum   kinetic equations, which track the evolution of the neutrino phase   space distributions.  Until now the collision terms in the quantum   kinetic equations have always been approximated using equilibrium   distributions, but this approximation has never been checked   numerically. In this work we revisit the sterile neutrino   thermalisation calculation using the full collision term, and   compare the results with various existing approximations in the   literature.  We find a better agreement than would naively be   expected, but also identify some issues with these approximations   that have not been appreciated previously. These include an   unphysical production of neutrinos via scattering and the importance   of redistributing momentum through scattering, as well as details of   Pauli blocking. Finally, we devise a new approximation scheme, which   improves upon some of the shortcomings of previous schemes.</subfield>
  </datafield>
  <datafield tag="540" ind1=" " ind2=" ">
    <subfield code="a">CC-BY-3.0</subfield>
    <subfield code="u">http://creativecommons.org/licenses/by/3.0/</subfield>
  </datafield>
  <datafield tag="542" ind1=" " ind2=" ">
    <subfield code="f"></subfield>
  </datafield>
  <datafield tag="591" ind1=" " ind2=" ">
    <subfield code="a">CC:1</subfield>
  </datafield>
  <datafield tag="591" ind1=" " ind2=" ">
    <subfield code="a">Authors:1</subfield>
  </datafield>
  <datafield tag="591" ind1=" " ind2=" ">
    <subfield code="a">SCOAP3:1</subfield>
  </datafield>
  <datafield tag="591" ind1=" " ind2=" ">
    <subfield code="a">Category:1</subfield>
  </datafield>
  <datafield tag="653" ind1="1" ind2=" ">
    <subfield code="a">cosmological neutrinos</subfield>
    <subfield code="9">author</subfield>
  </datafield>
  <datafield tag="653" ind1="1" ind2=" ">
    <subfield code="a">physics of the early universe</subfield>
    <subfield code="9">author</subfield>
  </datafield>
  <datafield tag="653" ind1="1" ind2=" ">
    <subfield code="a">neutrino theory</subfield>
    <subfield code="9">author</subfield>
  </datafield>
  <datafield tag="700" ind1=" " ind2=" ">
    <subfield code="a">Hansen, Rasmus Sloth</subfield>
    <subfield code="v">Department of Physics and Astronomy,   Aarhus University, 8000 Aarhus C, Denmark</subfield>
    <subfield code="v">School of Physics, The University of New South Wales,   Sydney NSW 2052, Australia</subfield>
    <subfield code="w">Denmark</subfield>
    <subfield code="w">Australia</subfield>
    <subfield code="w">UK</subfield>
  </datafield>
  <datafield tag="700" ind1=" " ind2=" ">
    <subfield code="a">Tram, Thomas</subfield>
    <subfield code="v">Institute of Cosmology and Gravitation, University of Portsmouth,   Portsmouth PO1 3FX, United Kingdom</subfield>
    <subfield code="w">UK</subfield>
  </datafield>
  <datafield tag="700" ind1=" " ind2=" ">
    <subfield code="a">Wong, Yvonne Y.Y.</subfield>
    <subfield code="v">School of Physics, The University of New South Wales,   Sydney NSW 2052, Australia</subfield>
    <subfield code="w">Australia</subfield>
    <subfield code="w">UK</subfield>
  </datafield>
  <datafield tag="773" ind1=" " ind2=" ">
    <subfield code="p">JCAP</subfield>
    <subfield code="v">1508</subfield>
    <subfield code="n">08</subfield>
    <subfield code="c">019</subfield>
    <subfield code="y">2015</subfield>
  </datafield>
  <datafield tag="856" ind1="4" ind2=" ">
    <subfield code="s">498136</subfield>
    <subfield code="u">http://repo.scoap3.org/record/11373/files/fulltext.pdf</subfield>
  </datafield>
  <datafield tag="856" ind1="4" ind2=" ">
    <subfield code="s">97760</subfield>
    <subfield code="u">http://repo.scoap3.org/record/11373/files/fulltext.xml</subfield>
  </datafield>
  <datafield tag="909" ind1="C" ind2="O">
    <subfield code="o">oai:repo.scoap3.org:11373</subfield>
    <subfield code="p">GLOBAL_SET</subfield>
    <subfield code="p">JOURNAL_OF_COSMOLOGY_AND_ASTROPARTICLE_PHYSICS</subfield>
  </datafield>
  <datafield tag="980" ind1=" " ind2=" ">
    <subfield code="a">SCOAP3</subfield>
    <subfield code="b">IOP</subfield>
  </datafield>
</record>