
<record>
  <controlfield tag="001">11349</controlfield>
  <controlfield tag="005">20151125195115.0</controlfield>
  <datafield tag="022" ind1=" " ind2=" ">
    <subfield code="a">1475-7516</subfield>
  </datafield>
  <datafield tag="024" ind1="7" ind2=" ">
    <subfield code="a">10.1088/1475-7516/2015/08/011</subfield>
    <subfield code="2">DOI</subfield>
    <subfield code="t">2015-08-10T10:03:43Z</subfield>
  </datafield>
  <datafield tag="035" ind1=" " ind2=" ">
    <subfield code="a">1344991</subfield>
    <subfield code="9">INSPIRE</subfield>
  </datafield>
  <datafield tag="037" ind1=" " ind2=" ">
    <subfield code="a">arXiv:1502.04490</subfield>
    <subfield code="9">arXiv</subfield>
  </datafield>
  <datafield tag="100" ind1=" " ind2=" ">
    <subfield code="a">Schwarz, Matthias</subfield>
    <subfield code="v">Hamburger Sternwarte,   Gojenbergsweg 112, D-21029 Hamburg, Germany</subfield>
    <subfield code="w">Germany</subfield>
  </datafield>
  <datafield tag="245" ind1=" " ind2=" ">
    <subfield code="a">
Results from the Solar Hidden Photon Search (SHIPS)</subfield>
  </datafield>
  <datafield tag="260" ind1=" " ind2=" ">
    <subfield code="c">2015-08-01</subfield>
    <subfield code="b">Institute of Physics Publishing/SISSA</subfield>
  </datafield>
  <datafield tag="520" ind1=" " ind2=" ">
    <subfield code="a">We present the results of a search for transversely   polarised hidden photons (HPs) with ∼ 3 eV energies emitted   from the Sun.  These hypothetical particles, known also as   paraphotons or dark sector photons, are theoretically well motivated   for example by string theory inspired extensions of the Standard   Model.  Solar HPs of sub-eV mass can convert into photons of the   same energy (photon ↔ HP oscillations are similar to   neutrino flavour oscillations).  At SHIPS this would take place   inside a long light-tight high-vacuum tube, which tracks the   Sun. The generated photons would then be focused into a low-noise   photomultiplier at the far end of the tube. Our analysis of 330 h   of data (and 330 h of background characterisation) reveals no   signal of photons from solar hidden photon conversion. We estimate   the rate of newly generated photons due to this conversion to be   smaller than 25 mHz/m2 at the 95% C.L . Using this and a   recent model of solar HP emission, we set stringent constraints on   χ, the coupling constant between HPs and photons, as a function   of the HP mass.</subfield>
  </datafield>
  <datafield tag="540" ind1=" " ind2=" ">
    <subfield code="a">CC-BY-3.0</subfield>
    <subfield code="u">http://creativecommons.org/licenses/by/3.0/</subfield>
  </datafield>
  <datafield tag="542" ind1=" " ind2=" ">
    <subfield code="f"></subfield>
  </datafield>
  <datafield tag="591" ind1=" " ind2=" ">
    <subfield code="a">CC:1</subfield>
  </datafield>
  <datafield tag="591" ind1=" " ind2=" ">
    <subfield code="a">Authors:1</subfield>
  </datafield>
  <datafield tag="591" ind1=" " ind2=" ">
    <subfield code="a">SCOAP3:1</subfield>
  </datafield>
  <datafield tag="591" ind1=" " ind2=" ">
    <subfield code="a">Category:1</subfield>
  </datafield>
  <datafield tag="653" ind1="1" ind2=" ">
    <subfield code="a">solar physics</subfield>
    <subfield code="9">author</subfield>
  </datafield>
  <datafield tag="653" ind1="1" ind2=" ">
    <subfield code="a">particle physics - cosmology connection</subfield>
    <subfield code="9">author</subfield>
  </datafield>
  <datafield tag="700" ind1=" " ind2=" ">
    <subfield code="a">Knabbe, Ernst-Axel</subfield>
    <subfield code="v">Deutsches Elektronen-Synchrotron DESY,   Notkestraße 85, D-22607 Hamburg, Germany</subfield>
    <subfield code="w">Germany</subfield>
  </datafield>
  <datafield tag="700" ind1=" " ind2=" ">
    <subfield code="a">Lindner, Axel</subfield>
    <subfield code="v">Deutsches Elektronen-Synchrotron DESY,   Notkestraße 85, D-22607 Hamburg, Germany</subfield>
    <subfield code="w">Germany</subfield>
  </datafield>
  <datafield tag="700" ind1=" " ind2=" ">
    <subfield code="a">Redondo, Javier</subfield>
    <subfield code="v">Departamento de Física Teórica, Universidad de Zaragoza,   Pedro Cerbuna 12, E-50009, Zaragoza, Spain</subfield>
    <subfield code="v">Max-Planck-Institut für Physik (Werner-Heisenberg-Institut),   Föhringer Ring 6, D-80805 München, Germany</subfield>
    <subfield code="w">Germany</subfield>
    <subfield code="w">Spain</subfield>
  </datafield>
  <datafield tag="700" ind1=" " ind2=" ">
    <subfield code="a">Ringwald, Andreas</subfield>
    <subfield code="v">Deutsches Elektronen-Synchrotron DESY,   Notkestraße 85, D-22607 Hamburg, Germany</subfield>
    <subfield code="w">Germany</subfield>
  </datafield>
  <datafield tag="700" ind1=" " ind2=" ">
    <subfield code="a">Schneide, Magnus</subfield>
    <subfield code="v">Hamburger Sternwarte,   Gojenbergsweg 112, D-21029 Hamburg, Germany</subfield>
    <subfield code="w">Germany</subfield>
  </datafield>
  <datafield tag="700" ind1=" " ind2=" ">
    <subfield code="a">Susol, Jaroslaw</subfield>
    <subfield code="v">Hamburger Sternwarte,   Gojenbergsweg 112, D-21029 Hamburg, Germany</subfield>
    <subfield code="w">Germany</subfield>
  </datafield>
  <datafield tag="700" ind1=" " ind2=" ">
    <subfield code="a">Wiedemann, Günter</subfield>
    <subfield code="v">Hamburger Sternwarte,   Gojenbergsweg 112, D-21029 Hamburg, Germany</subfield>
    <subfield code="w">Germany</subfield>
  </datafield>
  <datafield tag="773" ind1=" " ind2=" ">
    <subfield code="p">JCAP</subfield>
    <subfield code="v">1508</subfield>
    <subfield code="n">08</subfield>
    <subfield code="c">011</subfield>
    <subfield code="y">2015</subfield>
  </datafield>
  <datafield tag="856" ind1="4" ind2=" ">
    <subfield code="s">5408305</subfield>
    <subfield code="u">http://repo.scoap3.org/record/11349/files/fulltext.pdf</subfield>
  </datafield>
  <datafield tag="856" ind1="4" ind2=" ">
    <subfield code="s">63375</subfield>
    <subfield code="u">http://repo.scoap3.org/record/11349/files/fulltext.xml</subfield>
  </datafield>
  <datafield tag="909" ind1="C" ind2="O">
    <subfield code="o">oai:repo.scoap3.org:11349</subfield>
    <subfield code="p">GLOBAL_SET</subfield>
    <subfield code="p">JOURNAL_OF_COSMOLOGY_AND_ASTROPARTICLE_PHYSICS</subfield>
  </datafield>
  <datafield tag="980" ind1=" " ind2=" ">
    <subfield code="a">SCOAP3</subfield>
    <subfield code="b">IOP</subfield>
  </datafield>
</record>