
<record>
  <controlfield tag="001">11290</controlfield>
  <controlfield tag="005">20160315001238.0</controlfield>
  <datafield tag="022" ind1=" " ind2=" ">
    <subfield code="a">1475-7516</subfield>
  </datafield>
  <datafield tag="024" ind1="7" ind2=" ">
    <subfield code="a">10.1088/1475-7516/2015/07/050</subfield>
    <subfield code="2">DOI</subfield>
    <subfield code="t">2015-08-02T23:13:38Z</subfield>
  </datafield>
  <datafield tag="035" ind1=" " ind2=" ">
    <subfield code="a">1373257</subfield>
    <subfield code="9">INSPIRE</subfield>
  </datafield>
  <datafield tag="037" ind1=" " ind2=" ">
    <subfield code="a">arXiv:1505.06986</subfield>
    <subfield code="9">arXiv</subfield>
    <subfield code="a">arXiv:1505.06986</subfield>
  </datafield>
  <datafield tag="100" ind1=" " ind2=" ">
    <subfield code="a">Ellis, John</subfield>
    <subfield code="v">Theoretical Particle Physics and Cosmology Group, Department of   Physics,  King's College London,  London WC2R 2LS, U.K.</subfield>
    <subfield code="v">Theory Division, CERN,   CH-1211 Geneva 23,  Switzerland</subfield>
    <subfield code="w">CERN</subfield>
    <subfield code="w">UK</subfield>
  </datafield>
  <datafield tag="245" ind1=" " ind2=" ">
    <subfield code="a">
Calculations of inflaton decays and reheating: with applications to no-scale inflation models</subfield>
  </datafield>
  <datafield tag="260" ind1=" " ind2=" ">
    <subfield code="c">2015-07-01</subfield>
    <subfield code="b">Institute of Physics Publishing/SISSA</subfield>
  </datafield>
  <datafield tag="520" ind1=" " ind2=" ">
    <subfield code="a">We discuss inflaton decays and reheating in no-scale Starobinsky-like models of inflation, calculating the effective equation-of-state parameter, w, during the epoch of inflaton decay, the reheating temperature, Treh, and the number of inflationary e-folds, N*, comparing analytical approximations with numerical calculations. We then illustrate these results with applications to models based on no-scale supergravity and motivated by generic string compactifications, including scenarios where the  inflaton is identified as an untwisted-sector matter field with direct Yukawa couplings to MSSM fields, and where the inflaton decays via gravitational-strength interactions. Finally, we use our results to discuss the constraints on these models imposed by present measurements of the  scalar spectral index ns and the tensor-to-scalar perturbation ratio r, converting them into constraints on N*, the inflaton decay rate and other parameters of specific no-scale inflationary models.</subfield>
  </datafield>
  <datafield tag="540" ind1=" " ind2=" ">
    <subfield code="a">CC-BY-3.0</subfield>
    <subfield code="u">http://creativecommons.org/licenses/by/3.0/</subfield>
  </datafield>
  <datafield tag="542" ind1=" " ind2=" ">
    <subfield code="f"></subfield>
  </datafield>
  <datafield tag="591" ind1=" " ind2=" ">
    <subfield code="a">Category:1</subfield>
  </datafield>
  <datafield tag="591" ind1=" " ind2=" ">
    <subfield code="a">CC:1</subfield>
  </datafield>
  <datafield tag="591" ind1=" " ind2=" ">
    <subfield code="a">Authors:1</subfield>
  </datafield>
  <datafield tag="591" ind1=" " ind2=" ">
    <subfield code="a">SCOAP3:1</subfield>
  </datafield>
  <datafield tag="653" ind1="1" ind2=" ">
    <subfield code="a">cosmological perturbation theory</subfield>
    <subfield code="9">author</subfield>
  </datafield>
  <datafield tag="653" ind1="1" ind2=" ">
    <subfield code="a">inflation</subfield>
    <subfield code="9">author</subfield>
  </datafield>
  <datafield tag="653" ind1="1" ind2=" ">
    <subfield code="a">supersymmetry and cosmology</subfield>
    <subfield code="9">author</subfield>
  </datafield>
  <datafield tag="653" ind1="1" ind2=" ">
    <subfield code="a">particle physics - cosmology connection</subfield>
    <subfield code="9">author</subfield>
  </datafield>
  <datafield tag="700" ind1=" " ind2=" ">
    <subfield code="a">Garcia, Marcos A.G.</subfield>
    <subfield code="v">William I. Fine Theoretical Physics Institute, School of Physics and Astronomy,  University of Minnesota,   116 Church Street SE, Minneapolis, MN 55455, U.S.A.</subfield>
    <subfield code="w">USA</subfield>
  </datafield>
  <datafield tag="700" ind1=" " ind2=" ">
    <subfield code="a">Nanopoulos, Dimitri V.</subfield>
    <subfield code="v">George P. and Cynthia W. Mitchell Institute for Fundamental Physics and Astronomy, Texas A&amp;M University,  College Station,  77843 Texas, U.S.A.</subfield>
    <subfield code="v">Astroparticle Physics Group, Houston Advanced Research Center (HARC),   Mitchell Campus, Woodlands,  77381 Texas, U.S.A.</subfield>
    <subfield code="v">Academy of Athens,  Division of Natural Sciences,  28 Panepistimiou Avenue, Athens 10679, Greece</subfield>
    <subfield code="w">USA</subfield>
    <subfield code="w">Greece</subfield>
  </datafield>
  <datafield tag="700" ind1=" " ind2=" ">
    <subfield code="a">Olive, Keith A.</subfield>
    <subfield code="v">William I. Fine Theoretical Physics Institute, School of Physics and Astronomy,  University of Minnesota,   116 Church Street SE, Minneapolis, MN 55455, U.S.A.</subfield>
    <subfield code="w">USA</subfield>
  </datafield>
  <datafield tag="773" ind1=" " ind2=" ">
    <subfield code="p">JCAP</subfield>
    <subfield code="v">1507</subfield>
    <subfield code="n">07</subfield>
    <subfield code="c">050</subfield>
    <subfield code="y">2015</subfield>
  </datafield>
  <datafield tag="856" ind1="4" ind2=" ">
    <subfield code="s">1474875</subfield>
    <subfield code="u">http://repo.scoap3.org/record/11290/files/fulltext.pdf</subfield>
  </datafield>
  <datafield tag="856" ind1="4" ind2=" ">
    <subfield code="s">83114</subfield>
    <subfield code="u">http://repo.scoap3.org/record/11290/files/fulltext.xml</subfield>
  </datafield>
  <datafield tag="909" ind1="C" ind2="O">
    <subfield code="o">oai:repo.scoap3.org:11290</subfield>
    <subfield code="p">GLOBAL_SET</subfield>
    <subfield code="p">JOURNAL_OF_COSMOLOGY_AND_ASTROPARTICLE_PHYSICS</subfield>
  </datafield>
  <datafield tag="980" ind1=" " ind2=" ">
    <subfield code="a">SCOAP3</subfield>
    <subfield code="b">IOP</subfield>
  </datafield>
</record>