
<record>
  <controlfield tag="001">11277</controlfield>
  <controlfield tag="005">20160315001238.0</controlfield>
  <datafield tag="022" ind1=" " ind2=" ">
    <subfield code="a">1475-7516</subfield>
  </datafield>
  <datafield tag="024" ind1="7" ind2=" ">
    <subfield code="a">10.1088/1475-7516/2015/07/048</subfield>
    <subfield code="2">DOI</subfield>
    <subfield code="t">2015-07-31T14:50:50Z</subfield>
  </datafield>
  <datafield tag="035" ind1=" " ind2=" ">
    <subfield code="a">1336595</subfield>
    <subfield code="9">INSPIRE</subfield>
  </datafield>
  <datafield tag="037" ind1=" " ind2=" ">
    <subfield code="a">arXiv:1501.01099</subfield>
    <subfield code="9">arXiv</subfield>
    <subfield code="a">arXiv:1501.01099</subfield>
  </datafield>
  <datafield tag="100" ind1=" " ind2=" ">
    <subfield code="a">Akhshik, Mohammad</subfield>
    <subfield code="v">Department of Physics, Sharif University of Technology,  Tehran, Iran</subfield>
    <subfield code="v">School of Astronomy, Institute for Research in Fundamental Sciences (IPM),  P. O. Box 19395-5531, Tehran, Iran</subfield>
    <subfield code="w">Iran</subfield>
  </datafield>
  <datafield tag="245" ind1=" " ind2=" ">
    <subfield code="a">
Effective field theory of non-attractor inflation</subfield>
  </datafield>
  <datafield tag="260" ind1=" " ind2=" ">
    <subfield code="c">2015-07-01</subfield>
    <subfield code="b">Institute of Physics Publishing/SISSA</subfield>
  </datafield>
  <datafield tag="520" ind1=" " ind2=" ">
    <subfield code="a">We present the model-independent studies of  non attractor inflation in the context of effective field theory (EFT) of inflation. Within the EFT approach two independent branches of non-attractor inflation solutions are discovered in which  a near scale-invariant curvature perturbation power spectrum is generated from the interplay between the variation of sound speed and the second slow roll parameter η.  The first branch captures and  extends the previously studied models of non-attractor inflation in which the curvature perturbation is not frozen on super-horizon scales and the single field non-Gaussianity consistency condition is violated. We present the general expression for the amplitude of local-type non-Gaussianity in this branch.  The second branch is new in which  the curvature perturbation is frozen on super-horizon scales and the single field non-Gaussianity consistency condition does hold in the squeezed limit. Depending  on the model parameters,  the  shape of bispectrum in this branch changes from  an equilateral configuration to a folded configuration while  the amplitude of non-Gaussianity  is less than unity.</subfield>
  </datafield>
  <datafield tag="540" ind1=" " ind2=" ">
    <subfield code="a">CC-BY-3.0</subfield>
    <subfield code="u">http://creativecommons.org/licenses/by/3.0/</subfield>
  </datafield>
  <datafield tag="542" ind1=" " ind2=" ">
    <subfield code="f"></subfield>
  </datafield>
  <datafield tag="591" ind1=" " ind2=" ">
    <subfield code="a">Category:1</subfield>
  </datafield>
  <datafield tag="591" ind1=" " ind2=" ">
    <subfield code="a">CC:1</subfield>
  </datafield>
  <datafield tag="591" ind1=" " ind2=" ">
    <subfield code="a">Authors:1</subfield>
  </datafield>
  <datafield tag="591" ind1=" " ind2=" ">
    <subfield code="a">SCOAP3:1</subfield>
  </datafield>
  <datafield tag="653" ind1="1" ind2=" ">
    <subfield code="a">cosmological perturbation theory</subfield>
    <subfield code="9">author</subfield>
  </datafield>
  <datafield tag="653" ind1="1" ind2=" ">
    <subfield code="a">inflation</subfield>
    <subfield code="9">author</subfield>
  </datafield>
  <datafield tag="700" ind1=" " ind2=" ">
    <subfield code="a">Firouzjahi, Hassan</subfield>
    <subfield code="v">School of Astronomy, Institute for Research in Fundamental Sciences (IPM),  P. O. Box 19395-5531, Tehran, Iran</subfield>
    <subfield code="w">Iran</subfield>
  </datafield>
  <datafield tag="700" ind1=" " ind2=" ">
    <subfield code="a">Jazayeri, Sadra</subfield>
    <subfield code="v">Department of Physics, Sharif University of Technology,  Tehran, Iran</subfield>
    <subfield code="w">Iran</subfield>
  </datafield>
  <datafield tag="773" ind1=" " ind2=" ">
    <subfield code="p">JCAP</subfield>
    <subfield code="v">1507</subfield>
    <subfield code="n">07</subfield>
    <subfield code="c">048</subfield>
    <subfield code="y">2015</subfield>
  </datafield>
  <datafield tag="856" ind1="4" ind2=" ">
    <subfield code="s">462471</subfield>
    <subfield code="u">http://repo.scoap3.org/record/11277/files/fulltext.pdf</subfield>
  </datafield>
  <datafield tag="856" ind1="4" ind2=" ">
    <subfield code="s">68128</subfield>
    <subfield code="u">http://repo.scoap3.org/record/11277/files/fulltext.xml</subfield>
  </datafield>
  <datafield tag="909" ind1="C" ind2="O">
    <subfield code="o">oai:repo.scoap3.org:11277</subfield>
    <subfield code="p">GLOBAL_SET</subfield>
    <subfield code="p">JOURNAL_OF_COSMOLOGY_AND_ASTROPARTICLE_PHYSICS</subfield>
  </datafield>
  <datafield tag="980" ind1=" " ind2=" ">
    <subfield code="a">SCOAP3</subfield>
    <subfield code="b">IOP</subfield>
  </datafield>
</record>