
<record>
  <controlfield tag="001">11005</controlfield>
  <controlfield tag="005">20160315001237.0</controlfield>
  <datafield tag="022" ind1=" " ind2=" ">
    <subfield code="a">1475-7516</subfield>
  </datafield>
  <datafield tag="024" ind1="7" ind2=" ">
    <subfield code="a">10.1088/1475-7516/2015/07/010</subfield>
    <subfield code="2">DOI</subfield>
    <subfield code="t">2015-07-16T14:09:31Z</subfield>
  </datafield>
  <datafield tag="035" ind1=" " ind2=" ">
    <subfield code="a">1307091</subfield>
    <subfield code="9">INSPIRE</subfield>
  </datafield>
  <datafield tag="037" ind1=" " ind2=" ">
    <subfield code="a">arXiv:1407.5361</subfield>
    <subfield code="9">arXiv</subfield>
    <subfield code="a">arXiv:1407.5361</subfield>
  </datafield>
  <datafield tag="100" ind1=" " ind2=" ">
    <subfield code="a">Mithani, Audrey T.</subfield>
    <subfield code="v">Institute of Cosmology, Department of Physics and Astronomy,  Tufts University, Medford, MA 02155, U.S.A.</subfield>
    <subfield code="w">USA</subfield>
  </datafield>
  <datafield tag="245" ind1=" " ind2=" ">
    <subfield code="a">
Stabilizing oscillating universes against quantum decay</subfield>
  </datafield>
  <datafield tag="260" ind1=" " ind2=" ">
    <subfield code="c">2015-07-01</subfield>
    <subfield code="b">Institute of Physics Publishing/SISSA</subfield>
  </datafield>
  <datafield tag="520" ind1=" " ind2=" ">
    <subfield code="a">We investigate the effect of vacuum corrections, due to the trace anomaly and Casimir effect, on the stability of an oscillating universe with respect to decay by tunneling to the singularity.  We find that these corrections do not generally stabilize an oscillating universe.  However, stability may be achieved for some specially fine-tuned non-vacuum states.</subfield>
  </datafield>
  <datafield tag="540" ind1=" " ind2=" ">
    <subfield code="a">CC-BY-3.0</subfield>
    <subfield code="u">http://creativecommons.org/licenses/by/3.0/</subfield>
  </datafield>
  <datafield tag="542" ind1=" " ind2=" ">
    <subfield code="f"></subfield>
  </datafield>
  <datafield tag="591" ind1=" " ind2=" ">
    <subfield code="a">Category:1</subfield>
  </datafield>
  <datafield tag="591" ind1=" " ind2=" ">
    <subfield code="a">CC:1</subfield>
  </datafield>
  <datafield tag="591" ind1=" " ind2=" ">
    <subfield code="a">Authors:1</subfield>
  </datafield>
  <datafield tag="591" ind1=" " ind2=" ">
    <subfield code="a">SCOAP3:1</subfield>
  </datafield>
  <datafield tag="653" ind1="1" ind2=" ">
    <subfield code="a">cosmic singularity</subfield>
    <subfield code="9">author</subfield>
  </datafield>
  <datafield tag="653" ind1="1" ind2=" ">
    <subfield code="a">quantum cosmology</subfield>
    <subfield code="9">author</subfield>
  </datafield>
  <datafield tag="700" ind1=" " ind2=" ">
    <subfield code="a">Vilenkin, Alexander</subfield>
    <subfield code="v">Institute of Cosmology, Department of Physics and Astronomy,  Tufts University, Medford, MA 02155, U.S.A.</subfield>
    <subfield code="w">USA</subfield>
  </datafield>
  <datafield tag="773" ind1=" " ind2=" ">
    <subfield code="p">JCAP</subfield>
    <subfield code="v">1507</subfield>
    <subfield code="n">07</subfield>
    <subfield code="c">010</subfield>
    <subfield code="y">2015</subfield>
  </datafield>
  <datafield tag="856" ind1="4" ind2=" ">
    <subfield code="s">33334</subfield>
    <subfield code="u">http://repo.scoap3.org/record/11005/files/fulltext.xml</subfield>
  </datafield>
  <datafield tag="856" ind1="4" ind2=" ">
    <subfield code="s">697770</subfield>
    <subfield code="u">http://repo.scoap3.org/record/11005/files/fulltext.pdf</subfield>
  </datafield>
  <datafield tag="909" ind1="C" ind2="O">
    <subfield code="o">oai:repo.scoap3.org:11005</subfield>
    <subfield code="p">GLOBAL_SET</subfield>
    <subfield code="p">JOURNAL_OF_COSMOLOGY_AND_ASTROPARTICLE_PHYSICS</subfield>
  </datafield>
  <datafield tag="980" ind1=" " ind2=" ">
    <subfield code="a">SCOAP3</subfield>
    <subfield code="b">IOP</subfield>
  </datafield>
</record>