
<record>
  <controlfield tag="001">10793</controlfield>
  <controlfield tag="005">20150623163716.0</controlfield>
  <datafield tag="022" ind1=" " ind2=" ">
    <subfield code="a">1475-7516</subfield>
  </datafield>
  <datafield tag="024" ind1="7" ind2=" ">
    <subfield code="a">10.1088/1475-7516/2015/06/039</subfield>
    <subfield code="2">DOI</subfield>
  </datafield>
  <datafield tag="035" ind1=" " ind2=" ">
    <subfield code="a">1359773</subfield>
    <subfield code="9">INSPIRE</subfield>
  </datafield>
  <datafield tag="037" ind1=" " ind2=" ">
    <subfield code="a">arXiv:1504.03768</subfield>
    <subfield code="9">arXiv</subfield>
  </datafield>
  <datafield tag="100" ind1=" " ind2=" ">
    <subfield code="a">Rehagen, Thomas</subfield>
    <subfield code="v">Department of Physics and Astronomy, UCLA,  475 Portola Plaza, Los Angeles, CA 90095, U.S.A.</subfield>
    <subfield code="w">USA</subfield>
  </datafield>
  <datafield tag="245" ind1=" " ind2=" ">
    <subfield code="a">
Low reheating temperatures in monomial and binomial inflationary models</subfield>
  </datafield>
  <datafield tag="260" ind1=" " ind2=" ">
    <subfield code="c">2015-06-01</subfield>
    <subfield code="b">Institute of Physics Publishing/SISSA</subfield>
  </datafield>
  <datafield tag="520" ind1=" " ind2=" ">
    <subfield code="a">We investigate the allowed range of reheating temperature   values in light of the Planck 2015 results and the recent joint   analysis of Cosmic Microwave Background (CMB) data from the   BICEP2/Keck Array and Planck experiments, using monomial and   binomial inflationary potentials.  While the well studied ϕ2   inflationary potential is no longer favored by current CMB data, as   well as ϕp with p>2, a ϕ1 potential and canonical   reheating (0wre=) provide a good fit to the CMB measurements.   In this last case, we find that the Planck 2015 68% confidence   limit upper bound on the spectral index, ns, implies an upper   bound on the reheating temperature of Tre≲ 6× 1010 GeV, and excludes instantaneous reheating.  The low   reheating temperatures allowed by this model open the possibility   that dark matter could be produced during the reheating period   instead of when the Universe is radiation dominated, which could   lead to very different predictions for the relic density and   momentum distribution of WIMPs, sterile neutrinos, and axions.  We   also study binomial inflationary potentials and show the effects of   a small departure from a ϕ1 potential.  We find that as a   subdominant ϕ2 term in the potential increases, first   instantaneous reheating becomes allowed, and then the lowest   possible reheating temperature of Tre=4 MeV is excluded   by the Planck 2015 68% confidence limit.</subfield>
  </datafield>
  <datafield tag="540" ind1=" " ind2=" ">
    <subfield code="a">CC-BY-3.0</subfield>
    <subfield code="u">http://creativecommons.org/licenses/by/3.0/</subfield>
  </datafield>
  <datafield tag="542" ind1=" " ind2=" ">
    <subfield code="f"></subfield>
  </datafield>
  <datafield tag="591" ind1=" " ind2=" ">
    <subfield code="a">CC:1</subfield>
  </datafield>
  <datafield tag="591" ind1=" " ind2=" ">
    <subfield code="a">Authors:1</subfield>
  </datafield>
  <datafield tag="591" ind1=" " ind2=" ">
    <subfield code="a">SCOAP3:1</subfield>
  </datafield>
  <datafield tag="591" ind1=" " ind2=" ">
    <subfield code="a">Category:1</subfield>
  </datafield>
  <datafield tag="653" ind1="1" ind2=" ">
    <subfield code="a">inflation</subfield>
    <subfield code="9">author</subfield>
  </datafield>
  <datafield tag="653" ind1="1" ind2=" ">
    <subfield code="a">physics of the early universe</subfield>
    <subfield code="9">author</subfield>
  </datafield>
  <datafield tag="700" ind1=" " ind2=" ">
    <subfield code="a">Gelmini, Graciela B.</subfield>
    <subfield code="v">Department of Physics and Astronomy, UCLA,  475 Portola Plaza, Los Angeles, CA 90095, U.S.A.</subfield>
    <subfield code="w">USA</subfield>
  </datafield>
  <datafield tag="773" ind1=" " ind2=" ">
    <subfield code="p">JCAP</subfield>
    <subfield code="v">1506</subfield>
    <subfield code="n">06</subfield>
    <subfield code="c">039</subfield>
    <subfield code="y">2015</subfield>
  </datafield>
  <datafield tag="856" ind1="4" ind2=" ">
    <subfield code="s">58421</subfield>
    <subfield code="u">http://repo.scoap3.org/record/10793/files/fulltext.xml</subfield>
  </datafield>
  <datafield tag="856" ind1="4" ind2=" ">
    <subfield code="s">871011</subfield>
    <subfield code="u">http://repo.scoap3.org/record/10793/files/fulltext.pdf</subfield>
  </datafield>
  <datafield tag="909" ind1="C" ind2="O">
    <subfield code="o">oai:repo.scoap3.org:10793</subfield>
    <subfield code="p">GLOBAL_SET</subfield>
    <subfield code="p">JOURNAL_OF_COSMOLOGY_AND_ASTROPARTICLE_PHYSICS</subfield>
  </datafield>
  <datafield tag="980" ind1=" " ind2=" ">
    <subfield code="a">SCOAP3</subfield>
    <subfield code="b">IOP</subfield>
  </datafield>
</record>