
<record>
  <controlfield tag="001">10791</controlfield>
  <controlfield tag="005">20150623163716.0</controlfield>
  <datafield tag="022" ind1=" " ind2=" ">
    <subfield code="a">1475-7516</subfield>
  </datafield>
  <datafield tag="024" ind1="7" ind2=" ">
    <subfield code="a">10.1088/1475-7516/2015/06/025</subfield>
    <subfield code="2">DOI</subfield>
    <subfield code="t">2015-06-15T00:35:39Z</subfield>
  </datafield>
  <datafield tag="035" ind1=" " ind2=" ">
    <subfield code="a">1351926</subfield>
    <subfield code="9">INSPIRE</subfield>
  </datafield>
  <datafield tag="037" ind1=" " ind2=" ">
    <subfield code="a">arXiv:1503.03513</subfield>
    <subfield code="9">arXiv</subfield>
    <subfield code="a">arXiv:1503.03513</subfield>
  </datafield>
  <datafield tag="100" ind1=" " ind2=" ">
    <subfield code="a">Drees, Manuel</subfield>
    <subfield code="v">Bethe Center for Theoretical Physics and Physikalisches   Institut, Universität Bonn, Nussallee 12, D-53115 Bonn,   Germany</subfield>
    <subfield code="w">Germany</subfield>
  </datafield>
  <datafield tag="245" ind1=" " ind2=" ">
    <subfield code="a">
The effects of QCD equation of state on the relic density of WIMP dark matter</subfield>
  </datafield>
  <datafield tag="260" ind1=" " ind2=" ">
    <subfield code="c">2015-06-01</subfield>
    <subfield code="b">Institute of Physics Publishing/SISSA</subfield>
  </datafield>
  <datafield tag="520" ind1=" " ind2=" ">
    <subfield code="a">  Weakly Interactive Massive Particles (WIMPs) are the most widely   studied candidate particles forming the cold dark matter (CDM) whose   existence can be inferred from a wealth of astrophysical and   cosmological observations. In the framework of the minimal   cosmological model detailed measurements on the cosmic microwave   background by the PLANCK collaboration fix the scaled CDM relic   density to Ωch2=0.1193±0.0014, with an error of less   than 1.5%. In order to fully exploit this observational precision,   theoretical calculations should have a comparable or smaller   error. In this paper we use recent lattice QCD calculations to   improve the description of the thermal plasma. This affects the   predicted relic density of ``thermal WIMPs'', which once were in   chemical equilibrium with Standard Model particles. For WIMP masses   between 3 and 15 GeV, where QCD effects are most important, our   predictions differ from earlier results by up to 9% (12%) for   pure S-wave (P-wave) annihilation. We use these results to   compute the thermally averaged WIMP annihilation cross section that   reproduces the correct CDM relic density, for WIMP masses between   0.1 GeV and 10 TeV. </subfield>
  </datafield>
  <datafield tag="540" ind1=" " ind2=" ">
    <subfield code="a">CC-BY-3.0</subfield>
    <subfield code="u">http://creativecommons.org/licenses/by/3.0/</subfield>
  </datafield>
  <datafield tag="542" ind1=" " ind2=" ">
    <subfield code="f"></subfield>
  </datafield>
  <datafield tag="591" ind1=" " ind2=" ">
    <subfield code="a">Category:1</subfield>
  </datafield>
  <datafield tag="591" ind1=" " ind2=" ">
    <subfield code="a">CC:1</subfield>
  </datafield>
  <datafield tag="591" ind1=" " ind2=" ">
    <subfield code="a">Authors:1</subfield>
  </datafield>
  <datafield tag="591" ind1=" " ind2=" ">
    <subfield code="a">SCOAP3:1</subfield>
  </datafield>
  <datafield tag="653" ind1="1" ind2=" ">
    <subfield code="a">dark matter theory</subfield>
    <subfield code="9">author</subfield>
  </datafield>
  <datafield tag="653" ind1="1" ind2=" ">
    <subfield code="a">particle physics - cosmology connection</subfield>
    <subfield code="9">author</subfield>
  </datafield>
  <datafield tag="700" ind1=" " ind2=" ">
    <subfield code="a">Hajkarim, Fazlollah</subfield>
    <subfield code="v">Bethe Center for Theoretical Physics and Physikalisches   Institut, Universität Bonn, Nussallee 12, D-53115 Bonn,   Germany</subfield>
    <subfield code="w">Germany</subfield>
  </datafield>
  <datafield tag="700" ind1=" " ind2=" ">
    <subfield code="a">Schmitz, Ernany Rossi</subfield>
    <subfield code="v">Bethe Center for Theoretical Physics and Physikalisches   Institut, Universität Bonn, Nussallee 12, D-53115 Bonn,   Germany</subfield>
    <subfield code="w">Germany</subfield>
  </datafield>
  <datafield tag="773" ind1=" " ind2=" ">
    <subfield code="p">JCAP</subfield>
    <subfield code="v">1506</subfield>
    <subfield code="n">06</subfield>
    <subfield code="c">025</subfield>
    <subfield code="y">2015</subfield>
  </datafield>
  <datafield tag="856" ind1="4" ind2=" ">
    <subfield code="s">682976</subfield>
    <subfield code="u">http://repo.scoap3.org/record/10791/files/fulltext.pdf</subfield>
  </datafield>
  <datafield tag="856" ind1="4" ind2=" ">
    <subfield code="s">71628</subfield>
    <subfield code="u">http://repo.scoap3.org/record/10791/files/fulltext.xml</subfield>
  </datafield>
  <datafield tag="909" ind1="C" ind2="O">
    <subfield code="o">oai:repo.scoap3.org:10791</subfield>
    <subfield code="p">GLOBAL_SET</subfield>
    <subfield code="p">JOURNAL_OF_COSMOLOGY_AND_ASTROPARTICLE_PHYSICS</subfield>
  </datafield>
  <datafield tag="980" ind1=" " ind2=" ">
    <subfield code="a">SCOAP3</subfield>
    <subfield code="b">IOP</subfield>
  </datafield>
</record>