
<record>
  <controlfield tag="001">10789</controlfield>
  <controlfield tag="005">20150623163716.0</controlfield>
  <datafield tag="022" ind1=" " ind2=" ">
    <subfield code="a">1475-7516</subfield>
  </datafield>
  <datafield tag="024" ind1="7" ind2=" ">
    <subfield code="a">10.1088/1475-7516/2015/06/023</subfield>
    <subfield code="2">DOI</subfield>
    <subfield code="t">2015-06-15T00:35:39Z</subfield>
  </datafield>
  <datafield tag="035" ind1=" " ind2=" ">
    <subfield code="a">1323434</subfield>
    <subfield code="9">INSPIRE</subfield>
  </datafield>
  <datafield tag="037" ind1=" " ind2=" ">
    <subfield code="a">arXiv:1410.6267</subfield>
    <subfield code="9">arXiv</subfield>
    <subfield code="a">arXiv:1410.6267</subfield>
  </datafield>
  <datafield tag="100" ind1=" " ind2=" ">
    <subfield code="a">Yamauchi, Daisuke</subfield>
    <subfield code="v">Research Center for the Early Universe, School of Science,  University of Tokyo,   7-3-1 Hongo, Bunkyo-ku, Tokyo 113-0033, Japan</subfield>
    <subfield code="w">Japan</subfield>
  </datafield>
  <datafield tag="245" ind1=" " ind2=" ">
    <subfield code="a">
Dynamics of cosmic strings with higher-dimensional windings</subfield>
  </datafield>
  <datafield tag="260" ind1=" " ind2=" ">
    <subfield code="c">2015-06-01</subfield>
    <subfield code="b">Institute of Physics Publishing/SISSA</subfield>
  </datafield>
  <datafield tag="520" ind1=" " ind2=" ">
    <subfield code="a">We consider F-strings with arbitrary configurations in the Minkowski directions of a higher-dimensional spacetime,  which also wrap and spin around S1 subcycles of constant radius in an arbitrary internal manifold, and  determine the relation between the higher-dimensional and the effective four-dimensional quantities that govern the string dynamics. We show that, for any such configuration, the motion of the windings in the compact space may render the string  effectively tensionless from a four-dimensional perspective, so that it remains static with respect to the large dimensions.  Such a critical configuration occurs when (locally) exactly half the square of the string length lies in the large dimensions  and half lies in the compact space. The critical solution is then seen to arise as a special case, in which the wavelength of the windings  is equal to their circumference. As examples, long straight strings and circular loops are considered in detail, and the solutions  to the equations of motion that satisfy the tensionless condition are presented.  These solutions are then generalized to planar loops and arbitrary three-dimensional configurations.  Under the process of dimensional reduction, in which higher-dimensional motion is equivalent  to an effective worldsheet current (giving rise to a conserved charge), this phenomenon may be seen  as the analogue of the tensionless condition which arises for superconducting and chiral-current carrying cosmic strings. </subfield>
  </datafield>
  <datafield tag="540" ind1=" " ind2=" ">
    <subfield code="a">CC-BY-3.0</subfield>
    <subfield code="u">http://creativecommons.org/licenses/by/3.0/</subfield>
  </datafield>
  <datafield tag="542" ind1=" " ind2=" ">
    <subfield code="f"></subfield>
  </datafield>
  <datafield tag="591" ind1=" " ind2=" ">
    <subfield code="a">Category:1</subfield>
  </datafield>
  <datafield tag="591" ind1=" " ind2=" ">
    <subfield code="a">CC:1</subfield>
  </datafield>
  <datafield tag="591" ind1=" " ind2=" ">
    <subfield code="a">Authors:1</subfield>
  </datafield>
  <datafield tag="591" ind1=" " ind2=" ">
    <subfield code="a">SCOAP3:1</subfield>
  </datafield>
  <datafield tag="653" ind1="1" ind2=" ">
    <subfield code="a">cosmology with extra dimensions</subfield>
    <subfield code="9">author</subfield>
  </datafield>
  <datafield tag="653" ind1="1" ind2=" ">
    <subfield code="a">string theory and cosmology</subfield>
    <subfield code="9">author</subfield>
  </datafield>
  <datafield tag="653" ind1="1" ind2=" ">
    <subfield code="a">cosmological applications of theories with extra dimensions</subfield>
    <subfield code="9">author</subfield>
  </datafield>
  <datafield tag="653" ind1="1" ind2=" ">
    <subfield code="a">Cosmic strings, domain walls, monopoles</subfield>
    <subfield code="9">author</subfield>
  </datafield>
  <datafield tag="700" ind1=" " ind2=" ">
    <subfield code="a">Lake, Matthew J.</subfield>
    <subfield code="v">The Institute for Fundamental Study, ``The Tah Poe Academia Institute",   Naresuan University, Phitsanulok 65000, Thailand</subfield>
    <subfield code="v">Thailand Center of Excellence in Physics,  Ministry of Education,  Bangkok 10400, Thailand</subfield>
    <subfield code="w">Thailand</subfield>
  </datafield>
  <datafield tag="773" ind1=" " ind2=" ">
    <subfield code="p">JCAP</subfield>
    <subfield code="v">1506</subfield>
    <subfield code="n">06</subfield>
    <subfield code="c">023</subfield>
    <subfield code="y">2015</subfield>
  </datafield>
  <datafield tag="856" ind1="4" ind2=" ">
    <subfield code="s">280743</subfield>
    <subfield code="u">http://repo.scoap3.org/record/10789/files/fulltext.pdf</subfield>
  </datafield>
  <datafield tag="856" ind1="4" ind2=" ">
    <subfield code="s">71890</subfield>
    <subfield code="u">http://repo.scoap3.org/record/10789/files/fulltext.xml</subfield>
  </datafield>
  <datafield tag="909" ind1="C" ind2="O">
    <subfield code="o">oai:repo.scoap3.org:10789</subfield>
    <subfield code="p">GLOBAL_SET</subfield>
    <subfield code="p">JOURNAL_OF_COSMOLOGY_AND_ASTROPARTICLE_PHYSICS</subfield>
  </datafield>
  <datafield tag="980" ind1=" " ind2=" ">
    <subfield code="a">SCOAP3</subfield>
    <subfield code="b">IOP</subfield>
  </datafield>
</record>