
<record>
  <controlfield tag="001">10623</controlfield>
  <controlfield tag="005">20150609162758.0</controlfield>
  <datafield tag="022" ind1=" " ind2=" ">
    <subfield code="a">1475-7516</subfield>
  </datafield>
  <datafield tag="024" ind1="7" ind2=" ">
    <subfield code="a">10.1088/1475-7516/2015/06/016</subfield>
    <subfield code="2">DOI</subfield>
  </datafield>
  <datafield tag="035" ind1=" " ind2=" ">
    <subfield code="a">1341583</subfield>
    <subfield code="9">INSPIRE</subfield>
  </datafield>
  <datafield tag="037" ind1=" " ind2=" ">
    <subfield code="a">arXiv:1501.06919</subfield>
    <subfield code="9">arXiv</subfield>
  </datafield>
  <datafield tag="100" ind1=" " ind2=" ">
    <subfield code="a">Jain, Rajeev Kumar</subfield>
    <subfield code="v">CP$^3$-Origins, Center for Cosmology and Particle Physics Phenomenology,  University of Southern Denmark,   Campusvej 55, 5230 Odense M, Denmark</subfield>
    <subfield code="w">Denmark</subfield>
  </datafield>
  <datafield tag="245" ind1=" " ind2=" ">
    <subfield code="a">
Radiative corrections from heavy fast-roll fields during inflation</subfield>
  </datafield>
  <datafield tag="260" ind1=" " ind2=" ">
    <subfield code="c">2015-06-01</subfield>
    <subfield code="b">Institute of Physics Publishing/SISSA</subfield>
  </datafield>
  <datafield tag="520" ind1=" " ind2=" ">
    <subfield code="a">We investigate radiative corrections to the inflaton   potential from heavy fields undergoing a fast-roll phase   transition. We find that a logarithmic one-loop correction to the   inflaton potential involving this field can induce a temporary   running of the spectral index. The induced running can be a short   burst of strong running, which may be related to the observed   anomalies on large scales in the cosmic microwave spectrum, or   extend over many e-folds, sustaining an effectively constant running   to be searched for in the future.  We implement this in a general   class of models, where effects are mediated through a heavy   messenger field sitting in its minimum.  Interestingly, within the   present framework it is a generic outcome that a large running   implies a small field model with a vanishing tensor-to-scalar ratio,   circumventing the normal expectation that small field models   typically lead to an unobservably small running of the spectral   index.  An observable level of tensor modes can also be   accommodated, but, surprisingly, this requires running to be induced   by a curvaton.  If upcoming observations are consistent with a small   tensor-to-scalar ratio as predicted by small field models of   inflation, then the present study serves as an explicit example   contrary to the general expectation that the running will be   unobservable.</subfield>
  </datafield>
  <datafield tag="540" ind1=" " ind2=" ">
    <subfield code="a">CC-BY-3.0</subfield>
    <subfield code="u">http://creativecommons.org/licenses/by/3.0/</subfield>
  </datafield>
  <datafield tag="542" ind1=" " ind2=" ">
    <subfield code="f"></subfield>
  </datafield>
  <datafield tag="591" ind1=" " ind2=" ">
    <subfield code="a">CC:1</subfield>
  </datafield>
  <datafield tag="591" ind1=" " ind2=" ">
    <subfield code="a">Authors:1</subfield>
  </datafield>
  <datafield tag="591" ind1=" " ind2=" ">
    <subfield code="a">SCOAP3:1</subfield>
  </datafield>
  <datafield tag="591" ind1=" " ind2=" ">
    <subfield code="a">Category:1</subfield>
  </datafield>
  <datafield tag="653" ind1="1" ind2=" ">
    <subfield code="a">inflation</subfield>
    <subfield code="9">author</subfield>
  </datafield>
  <datafield tag="653" ind1="1" ind2=" ">
    <subfield code="a">physics of the early universe</subfield>
    <subfield code="9">author</subfield>
  </datafield>
  <datafield tag="700" ind1=" " ind2=" ">
    <subfield code="a">Sandora, McCullen</subfield>
    <subfield code="v">CP$^3$-Origins, Center for Cosmology and Particle Physics Phenomenology,  University of Southern Denmark,   Campusvej 55, 5230 Odense M, Denmark</subfield>
    <subfield code="w">Denmark</subfield>
  </datafield>
  <datafield tag="700" ind1=" " ind2=" ">
    <subfield code="a">Sloth, Martin S.</subfield>
    <subfield code="v">CP$^3$-Origins, Center for Cosmology and Particle Physics Phenomenology,  University of Southern Denmark,   Campusvej 55, 5230 Odense M, Denmark</subfield>
    <subfield code="w">Denmark</subfield>
  </datafield>
  <datafield tag="773" ind1=" " ind2=" ">
    <subfield code="p">JCAP</subfield>
    <subfield code="v">1506</subfield>
    <subfield code="n">06</subfield>
    <subfield code="c">016</subfield>
    <subfield code="y">2015</subfield>
  </datafield>
  <datafield tag="856" ind1="4" ind2=" ">
    <subfield code="s">117660</subfield>
    <subfield code="u">http://repo.scoap3.org/record/10623/files/fulltext.xml</subfield>
  </datafield>
  <datafield tag="856" ind1="4" ind2=" ">
    <subfield code="s">810608</subfield>
    <subfield code="u">http://repo.scoap3.org/record/10623/files/fulltext.pdf</subfield>
  </datafield>
  <datafield tag="909" ind1="C" ind2="O">
    <subfield code="o">oai:repo.scoap3.org:10623</subfield>
    <subfield code="p">GLOBAL_SET</subfield>
    <subfield code="p">JOURNAL_OF_COSMOLOGY_AND_ASTROPARTICLE_PHYSICS</subfield>
  </datafield>
  <datafield tag="980" ind1=" " ind2=" ">
    <subfield code="a">SCOAP3</subfield>
    <subfield code="b">IOP</subfield>
  </datafield>
</record>