
<record>
  <controlfield tag="001">10614</controlfield>
  <controlfield tag="005">20150608172356.0</controlfield>
  <datafield tag="022" ind1=" " ind2=" ">
    <subfield code="a">1475-7516</subfield>
  </datafield>
  <datafield tag="024" ind1="7" ind2=" ">
    <subfield code="a">10.1088/1475-7516/2015/06/011</subfield>
    <subfield code="2">DOI</subfield>
  </datafield>
  <datafield tag="035" ind1=" " ind2=" ">
    <subfield code="a">1342784</subfield>
    <subfield code="9">INSPIRE</subfield>
  </datafield>
  <datafield tag="037" ind1=" " ind2=" ">
    <subfield code="a">arXiv:1502.01011</subfield>
    <subfield code="9">arXiv</subfield>
  </datafield>
  <datafield tag="100" ind1=" " ind2=" ">
    <subfield code="a">Merle, Alexander</subfield>
    <subfield code="v">Max-Planck-Institut für Physik (Werner-Heisenberg-Institut),   Föhringer Ring 6, 80805 München, Germany</subfield>
    <subfield code="w">Germany</subfield>
  </datafield>
  <datafield tag="245" ind1=" " ind2=" ">
    <subfield code="a">
keV sterile neutrino dark matter from singlet scalar decays:
 basic concepts and subtle features</subfield>
  </datafield>
  <datafield tag="260" ind1=" " ind2=" ">
    <subfield code="c">2015-06-01</subfield>
    <subfield code="b">Institute of Physics Publishing/SISSA</subfield>
  </datafield>
  <datafield tag="520" ind1=" " ind2=" ">
    <subfield code="a">We perform a detailed and illustrative study of the   production of keV sterile neutrino Dark Matter (DM) by decays of   singlet scalars in the early Universe. In the current study we focus   on providing a clear and general overview of this production   mechanism. For the first time we study all regimes possible on the   level of momentum distribution functions, which we obtain by solving   a system of Boltzmann equations. These quantities contain the full   information about the production process, which allows us to not   only track the evolution of the DM generation but to also take into   account all bounds related to the spectrum, such as constraints from   structure formation or from avoiding too much dark radiation. In   particular we show that this simple production mechanism can,   depending on the regime, lead to strongly non-thermal DM spectra   which may even feature more than one peak in the momentum   distribution. These cases could have particularly interesting   consequences for cosmological structure formation, as their analysis   requires more refined tools than the simplistic estimate using the   free-streaming horizon. Here we present the mechanism including all   concepts and subtleties involved, for now using the assumption that   the effective number of relativistic degrees of freedom is constant   during DM production, which is applicable in a significant fraction   of the parameter space. This allows us to derive analytical results   to back up our detailed numerical computations, thus leading to the   most comprehensive picture of keV sterile neutrino DM production by   singlet scalar decays that exists up to now.</subfield>
  </datafield>
  <datafield tag="540" ind1=" " ind2=" ">
    <subfield code="a">CC-BY-3.0</subfield>
    <subfield code="u">http://creativecommons.org/licenses/by/3.0/</subfield>
  </datafield>
  <datafield tag="542" ind1=" " ind2=" ">
    <subfield code="f"></subfield>
  </datafield>
  <datafield tag="591" ind1=" " ind2=" ">
    <subfield code="a">CC:1</subfield>
  </datafield>
  <datafield tag="591" ind1=" " ind2=" ">
    <subfield code="a">Authors:1</subfield>
  </datafield>
  <datafield tag="591" ind1=" " ind2=" ">
    <subfield code="a">SCOAP3:1</subfield>
  </datafield>
  <datafield tag="591" ind1=" " ind2=" ">
    <subfield code="a">Category:1</subfield>
  </datafield>
  <datafield tag="653" ind1="1" ind2=" ">
    <subfield code="a">cosmological neutrinos</subfield>
    <subfield code="9">author</subfield>
  </datafield>
  <datafield tag="653" ind1="1" ind2=" ">
    <subfield code="a">cosmology of theories beyond the SM</subfield>
    <subfield code="9">author</subfield>
  </datafield>
  <datafield tag="653" ind1="1" ind2=" ">
    <subfield code="a">dark matter theory</subfield>
    <subfield code="9">author</subfield>
  </datafield>
  <datafield tag="653" ind1="1" ind2=" ">
    <subfield code="a">particle physics - cosmology connection</subfield>
    <subfield code="9">author</subfield>
  </datafield>
  <datafield tag="700" ind1=" " ind2=" ">
    <subfield code="a">Totzauer, Maximilian</subfield>
    <subfield code="v">Max-Planck-Institut für Physik (Werner-Heisenberg-Institut),   Föhringer Ring 6, 80805 München, Germany</subfield>
    <subfield code="w">Germany</subfield>
  </datafield>
  <datafield tag="773" ind1=" " ind2=" ">
    <subfield code="p">JCAP</subfield>
    <subfield code="v">1506</subfield>
    <subfield code="n">06</subfield>
    <subfield code="c">011</subfield>
    <subfield code="y">2015</subfield>
  </datafield>
  <datafield tag="856" ind1="4" ind2=" ">
    <subfield code="s">134294</subfield>
    <subfield code="u">http://repo.scoap3.org/record/10614/files/fulltext.xml</subfield>
  </datafield>
  <datafield tag="856" ind1="4" ind2=" ">
    <subfield code="s">7170993</subfield>
    <subfield code="u">http://repo.scoap3.org/record/10614/files/fulltext.pdf</subfield>
  </datafield>
  <datafield tag="909" ind1="C" ind2="O">
    <subfield code="o">oai:repo.scoap3.org:10614</subfield>
    <subfield code="p">GLOBAL_SET</subfield>
    <subfield code="p">JOURNAL_OF_COSMOLOGY_AND_ASTROPARTICLE_PHYSICS</subfield>
  </datafield>
  <datafield tag="980" ind1=" " ind2=" ">
    <subfield code="a">SCOAP3</subfield>
    <subfield code="b">IOP</subfield>
  </datafield>
</record>