
<record>
  <controlfield tag="001">10485</controlfield>
  <controlfield tag="005">20150528162333.0</controlfield>
  <datafield tag="022" ind1=" " ind2=" ">
    <subfield code="a">1475-7516</subfield>
  </datafield>
  <datafield tag="024" ind1="7" ind2=" ">
    <subfield code="a">10.1088/1475-7516/2015/05/059</subfield>
    <subfield code="2">DOI</subfield>
  </datafield>
  <datafield tag="035" ind1=" " ind2=" ">
    <subfield code="a">1340665</subfield>
    <subfield code="9">INSPIRE</subfield>
  </datafield>
  <datafield tag="037" ind1=" " ind2=" ">
    <subfield code="a">arXiv:1501.05397</subfield>
    <subfield code="9">arXiv</subfield>
  </datafield>
  <datafield tag="100" ind1=" " ind2=" ">
    <subfield code="a">Zhang, Jun</subfield>
    <subfield code="v">Institute of Cosmology, Department of Physics and Astronomy,  Tufts University,   Medford, MA 02155, U.S.A.</subfield>
    <subfield code="w">USA</subfield>
  </datafield>
  <datafield tag="245" ind1=" " ind2=" ">
    <subfield code="a">
Topological defects from the multiverse</subfield>
  </datafield>
  <datafield tag="260" ind1=" " ind2=" ">
    <subfield code="c">2015-05-01</subfield>
    <subfield code="b">Institute of Physics Publishing/SISSA</subfield>
  </datafield>
  <datafield tag="520" ind1=" " ind2=" ">
    <subfield code="a">Many theories of the early universe predict the existence of   a multiverse where bubbles continuously nucleate giving rise to   observers in their interior. In this paper, we point out that   topological defects of several dimensionalities will also be   produced in de Sitter like regions of the multiverse. In particular,   defects could be spontaneously nucleated in our parent vacuum.  We   study the evolution of these defects as they collide with and   propagate inside of our bubble. We estimate the present distribution   of defects in the observable part of the universe. The expected   number of such nearby defects turns out to be quite small, even for   the highest nucleation rate.  We also study collisions of strings   and domain walls with our bubble in our past light cone. We obtain   simulated full-sky maps of the loci of such collisions, and find   their angular size distribution. Similarly to what happens in the   case of bubble collisions, the prospect of detecting any collisions   of our bubble with ambient defects is greatly enhanced in the case   where the cosmological constant of our parent vacuum is much higher   than the vacuum energy density during inflation in our bubble.</subfield>
  </datafield>
  <datafield tag="540" ind1=" " ind2=" ">
    <subfield code="a">CC-BY-3.0</subfield>
    <subfield code="u">http://creativecommons.org/licenses/by/3.0/</subfield>
  </datafield>
  <datafield tag="542" ind1=" " ind2=" ">
    <subfield code="f"></subfield>
  </datafield>
  <datafield tag="591" ind1=" " ind2=" ">
    <subfield code="a">CC:1</subfield>
  </datafield>
  <datafield tag="591" ind1=" " ind2=" ">
    <subfield code="a">Authors:1</subfield>
  </datafield>
  <datafield tag="591" ind1=" " ind2=" ">
    <subfield code="a">SCOAP3:1</subfield>
  </datafield>
  <datafield tag="591" ind1=" " ind2=" ">
    <subfield code="a">Category:1</subfield>
  </datafield>
  <datafield tag="653" ind1="1" ind2=" ">
    <subfield code="a">physics of the early universe</subfield>
    <subfield code="9">author</subfield>
  </datafield>
  <datafield tag="653" ind1="1" ind2=" ">
    <subfield code="a">Cosmic strings, domain walls, monopoles</subfield>
    <subfield code="9">author</subfield>
  </datafield>
  <datafield tag="700" ind1=" " ind2=" ">
    <subfield code="a">Blanco-Pillado, Jose J.</subfield>
    <subfield code="v">Department of Theoretical Physics,  University of the Basque Country UPV/EHU,   48080 Bilbao, Spain</subfield>
    <subfield code="v">IKERBASQUE, Basque Foundation for Science,   48013, Bilbao, Spain</subfield>
    <subfield code="w">Spain</subfield>
  </datafield>
  <datafield tag="700" ind1=" " ind2=" ">
    <subfield code="a">Garriga, Jaume</subfield>
    <subfield code="v">Departament de Fisica Fonamental i Institut de Ciencies del Cosmos,    Universitat de Barcelona, Marti i Franques, 1, 08028, Barcelona, Spain</subfield>
    <subfield code="w">Spain</subfield>
  </datafield>
  <datafield tag="700" ind1=" " ind2=" ">
    <subfield code="a">Vilenkin, Alexander</subfield>
    <subfield code="v">Institute of Cosmology, Department of Physics and Astronomy,  Tufts University,   Medford, MA 02155, U.S.A.</subfield>
    <subfield code="w">USA</subfield>
  </datafield>
  <datafield tag="773" ind1=" " ind2=" ">
    <subfield code="p">JCAP</subfield>
    <subfield code="v">1505</subfield>
    <subfield code="n">05</subfield>
    <subfield code="c">059</subfield>
    <subfield code="y">2015</subfield>
  </datafield>
  <datafield tag="856" ind1="4" ind2=" ">
    <subfield code="s">5762333</subfield>
    <subfield code="u">http://repo.scoap3.org/record/10485/files/fulltext.pdf</subfield>
  </datafield>
  <datafield tag="856" ind1="4" ind2=" ">
    <subfield code="s">90479</subfield>
    <subfield code="u">http://repo.scoap3.org/record/10485/files/fulltext.xml</subfield>
  </datafield>
  <datafield tag="909" ind1="C" ind2="O">
    <subfield code="o">oai:repo.scoap3.org:10485</subfield>
    <subfield code="p">GLOBAL_SET</subfield>
    <subfield code="p">JOURNAL_OF_COSMOLOGY_AND_ASTROPARTICLE_PHYSICS</subfield>
  </datafield>
  <datafield tag="980" ind1=" " ind2=" ">
    <subfield code="a">SCOAP3</subfield>
    <subfield code="b">IOP</subfield>
  </datafield>
</record>