
<record>
  <controlfield tag="001">10472</controlfield>
  <controlfield tag="005">20151125162651.0</controlfield>
  <datafield tag="022" ind1=" " ind2=" ">
    <subfield code="a">1475-7516</subfield>
  </datafield>
  <datafield tag="024" ind1="7" ind2=" ">
    <subfield code="a">10.1088/1475-7516/2014/08/008</subfield>
    <subfield code="2">DOI</subfield>
    <subfield code="t">2014-08-20T17:14:31Z</subfield>
  </datafield>
  <datafield tag="035" ind1=" " ind2=" ">
    <subfield code="a">1282292</subfield>
    <subfield code="9">INSPIRE</subfield>
  </datafield>
  <datafield tag="037" ind1=" " ind2=" ">
    <subfield code="a">arXiv:1402.5424</subfield>
    <subfield code="9">arXiv</subfield>
    <subfield code="a">arXiv:1402.5424</subfield>
  </datafield>
  <datafield tag="100" ind1=" " ind2=" ">
    <subfield code="a">Goon, Garrett</subfield>
    <subfield code="v">Center for Particle Cosmology, Department of Physics and Astronomy,   University of Pennsylvania, Philadelphia, PA 19104, U.S.A.</subfield>
    <subfield code="w">USA</subfield>
  </datafield>
  <datafield tag="245" ind1=" " ind2=" ">
    <subfield code="a">
Galileons coupled to massive gravity: general analysis and cosmological solutions</subfield>
  </datafield>
  <datafield tag="260" ind1=" " ind2=" ">
    <subfield code="c">2014-08-01</subfield>
    <subfield code="b">Institute of Physics Publishing/SISSA</subfield>
  </datafield>
  <datafield tag="520" ind1=" " ind2=" ">
    <subfield code="a">We further develop the framework for coupling galileons and   Dirac-Born-Infeld (DBI) scalar fields to a massive graviton while   retaining both the non-linear symmetries of the scalars and   ghost-freedom of the theory.  The general construction is recast in   terms of vielbeins which simplifies calculations and allows for   compact expressions.  Expressions for the general form of the action   are derived, with special emphasis on those models which descend   from maximally symmetric spaces.  We demonstrate the existence of   maximally symmetric solutions to the fully non-linear theory and   analyze their spectrum of quadratic fluctuations. Finally, we   consider self-accelerating cosmological solutions and study their   perturbations, showing that the vector and scalar modes have   vanishing kinetic terms.</subfield>
  </datafield>
  <datafield tag="540" ind1=" " ind2=" ">
    <subfield code="a">CC-BY-3.0</subfield>
    <subfield code="u">http://creativecommons.org/licenses/by/3.0/</subfield>
  </datafield>
  <datafield tag="542" ind1=" " ind2=" ">
    <subfield code="f"></subfield>
  </datafield>
  <datafield tag="591" ind1=" " ind2=" ">
    <subfield code="a">Category:1</subfield>
  </datafield>
  <datafield tag="591" ind1=" " ind2=" ">
    <subfield code="a">CC:1</subfield>
  </datafield>
  <datafield tag="591" ind1=" " ind2=" ">
    <subfield code="a">Authors:1</subfield>
  </datafield>
  <datafield tag="591" ind1=" " ind2=" ">
    <subfield code="a">SCOAP3:1</subfield>
  </datafield>
  <datafield tag="653" ind1="1" ind2=" ">
    <subfield code="a">dark energy theory</subfield>
    <subfield code="9">author</subfield>
  </datafield>
  <datafield tag="653" ind1="1" ind2=" ">
    <subfield code="a">modified gravity</subfield>
    <subfield code="9">author</subfield>
  </datafield>
  <datafield tag="700" ind1=" " ind2=" ">
    <subfield code="a">Gümrükçüoğlu, A. Emir</subfield>
    <subfield code="v">School of Mathematical Sciences, University of Nottingham,   University Park, Nottingham, NG7 2RD, U.K.</subfield>
    <subfield code="v">Kavli Institute for the Physics and Mathematics of the Universe,   Todai Institutes for Advanced Study, University of Tokyo (WPI),   5-1-5 Kashiwanoha, Kashiwa, Chiba 277-8583, Japan</subfield>
    <subfield code="w">Japan</subfield>
    <subfield code="w">UK</subfield>
  </datafield>
  <datafield tag="700" ind1=" " ind2=" ">
    <subfield code="a">Hinterbichler, Kurt</subfield>
    <subfield code="v">Perimeter Institute for Theoretical Physics,   31 Caroline St. N, Waterloo, Ontario, N2L 2Y5 Canada</subfield>
    <subfield code="w">Canada</subfield>
  </datafield>
  <datafield tag="700" ind1=" " ind2=" ">
    <subfield code="a">Mukohyama, Shinji</subfield>
    <subfield code="v">Kavli Institute for the Physics and Mathematics of the Universe,   Todai Institutes for Advanced Study, University of Tokyo (WPI),   5-1-5 Kashiwanoha, Kashiwa, Chiba 277-8583, Japan</subfield>
    <subfield code="w">Japan</subfield>
  </datafield>
  <datafield tag="700" ind1=" " ind2=" ">
    <subfield code="a">Trodden, Mark</subfield>
    <subfield code="v">Center for Particle Cosmology, Department of Physics and Astronomy,   University of Pennsylvania, Philadelphia, PA 19104, U.S.A.</subfield>
    <subfield code="w">USA</subfield>
  </datafield>
  <datafield tag="773" ind1=" " ind2=" ">
    <subfield code="p">JCAP</subfield>
    <subfield code="v">1408</subfield>
    <subfield code="n">08</subfield>
    <subfield code="c">008</subfield>
    <subfield code="y">2014</subfield>
  </datafield>
  <datafield tag="856" ind1="4" ind2=" ">
    <subfield code="s">372389</subfield>
    <subfield code="u">http://repo.scoap3.org/record/10472/files/fulltext.pdf</subfield>
  </datafield>
  <datafield tag="856" ind1="4" ind2=" ">
    <subfield code="s">84148</subfield>
    <subfield code="u">http://repo.scoap3.org/record/10472/files/fulltext.xml</subfield>
  </datafield>
  <datafield tag="909" ind1="C" ind2="O">
    <subfield code="o">oai:repo.scoap3.org:10472</subfield>
    <subfield code="p">GLOBAL_SET</subfield>
    <subfield code="p">JOURNAL_OF_COSMOLOGY_AND_ASTROPARTICLE_PHYSICS</subfield>
  </datafield>
  <datafield tag="980" ind1=" " ind2=" ">
    <subfield code="a">SCOAP3</subfield>
    <subfield code="b">IOP</subfield>
  </datafield>
</record>