
<record>
  <controlfield tag="001">10470</controlfield>
  <controlfield tag="005">20150527123215.0</controlfield>
  <datafield tag="022" ind1=" " ind2=" ">
    <subfield code="a">1475-7516</subfield>
  </datafield>
  <datafield tag="024" ind1="7" ind2=" ">
    <subfield code="a">10.1088/1475-7516/2014/03/009</subfield>
    <subfield code="2">DOI</subfield>
    <subfield code="t">2014-03-08T04:35:04Z</subfield>
  </datafield>
  <datafield tag="035" ind1=" " ind2=" ">
    <subfield code="a">1277104</subfield>
    <subfield code="9">INSPIRE</subfield>
  </datafield>
  <datafield tag="037" ind1=" " ind2=" ">
    <subfield code="a">arXiv:1401.3252</subfield>
    <subfield code="9">arXiv</subfield>
    <subfield code="a">arXiv:1401.3252</subfield>
  </datafield>
  <datafield tag="100" ind1=" " ind2=" ">
    <subfield code="a">Silva, J.M. Hoff da</subfield>
    <subfield code="v">Univ. Estadual Paulista – UNESP – Departamento de Física e Química,   Av. Dr. Ariberto Pereira da Cunha, 333 – Pedregulho,  12516-410 – Guaratinguetá, SP, Brazil</subfield>
    <subfield code="w">Brazil</subfield>
  </datafield>
  <datafield tag="245" ind1=" " ind2=" ">
    <subfield code="a">
Exact solutions to Elko spinors in spatially flat Friedmann-Robertson-Walker spacetimes</subfield>
  </datafield>
  <datafield tag="260" ind1=" " ind2=" ">
    <subfield code="c">2014-03-01</subfield>
    <subfield code="b">Institute of Physics Publishing/SISSA</subfield>
  </datafield>
  <datafield tag="520" ind1=" " ind2=" ">
    <subfield code="a">In this paper we present exact solutions to the so-called Elko spinors for three models of expanding universe, namely the de Sitter, linear and the radiation type evolution. The study was restricted to flat, homogeneous and isotropic Friedmann-Robertson-Walker backgrounds. Starting with an Elko spinor we present the solutions for these cases and compare to the case of Dirac spinors. Besides, an attempt to use Elko spinors as a dark energy candidate in the cosmological context is investigated.</subfield>
  </datafield>
  <datafield tag="540" ind1=" " ind2=" ">
    <subfield code="a">CC-BY-3.0</subfield>
    <subfield code="u">http://creativecommons.org/licenses/by/3.0/</subfield>
  </datafield>
  <datafield tag="542" ind1=" " ind2=" ">
    <subfield code="f"></subfield>
  </datafield>
  <datafield tag="591" ind1=" " ind2=" ">
    <subfield code="a">Category:1</subfield>
  </datafield>
  <datafield tag="591" ind1=" " ind2=" ">
    <subfield code="a">CC:1</subfield>
  </datafield>
  <datafield tag="591" ind1=" " ind2=" ">
    <subfield code="a">Authors:1</subfield>
  </datafield>
  <datafield tag="591" ind1=" " ind2=" ">
    <subfield code="a">SCOAP3:1</subfield>
  </datafield>
  <datafield tag="653" ind1="1" ind2=" ">
    <subfield code="a">cosmology of theories beyond the SM</subfield>
    <subfield code="9">author</subfield>
  </datafield>
  <datafield tag="653" ind1="1" ind2=" ">
    <subfield code="a">quantum field theory on curved space</subfield>
    <subfield code="9">author</subfield>
  </datafield>
  <datafield tag="653" ind1="1" ind2=" ">
    <subfield code="a">particle physics - cosmology connection</subfield>
    <subfield code="9">author</subfield>
  </datafield>
  <datafield tag="700" ind1=" " ind2=" ">
    <subfield code="a">Pereira, S.H.</subfield>
    <subfield code="v">Univ. Estadual Paulista – UNESP – Departamento de Física e Química,   Av. Dr. Ariberto Pereira da Cunha, 333 – Pedregulho,  12516-410 – Guaratinguetá, SP, Brazil</subfield>
    <subfield code="w">Brazil</subfield>
  </datafield>
  <datafield tag="773" ind1=" " ind2=" ">
    <subfield code="p">JCAP</subfield>
    <subfield code="v">1403</subfield>
    <subfield code="n">03</subfield>
    <subfield code="c">009</subfield>
    <subfield code="y">2014</subfield>
  </datafield>
  <datafield tag="856" ind1="4" ind2=" ">
    <subfield code="s">394989</subfield>
    <subfield code="u">http://repo.scoap3.org/record/10470/files/fulltext.pdf</subfield>
  </datafield>
  <datafield tag="856" ind1="4" ind2=" ">
    <subfield code="s">54608</subfield>
    <subfield code="u">http://repo.scoap3.org/record/10470/files/fulltext.xml</subfield>
  </datafield>
  <datafield tag="909" ind1="C" ind2="O">
    <subfield code="o">oai:repo.scoap3.org:10470</subfield>
    <subfield code="p">GLOBAL_SET</subfield>
    <subfield code="p">JOURNAL_OF_COSMOLOGY_AND_ASTROPARTICLE_PHYSICS</subfield>
  </datafield>
  <datafield tag="980" ind1=" " ind2=" ">
    <subfield code="a">SCOAP3</subfield>
    <subfield code="b">IOP</subfield>
  </datafield>
</record>