
<record>
  <controlfield tag="001">10466</controlfield>
  <controlfield tag="005">20151125195032.0</controlfield>
  <datafield tag="022" ind1=" " ind2=" ">
    <subfield code="a">1475-7516</subfield>
  </datafield>
  <datafield tag="024" ind1="7" ind2=" ">
    <subfield code="a">10.1088/1475-7516/2015/05/053</subfield>
    <subfield code="2">DOI</subfield>
    <subfield code="t">2015-06-05T16:41:04Z</subfield>
  </datafield>
  <datafield tag="035" ind1=" " ind2=" ">
    <subfield code="a">1327189</subfield>
    <subfield code="9">INSPIRE</subfield>
  </datafield>
  <datafield tag="037" ind1=" " ind2=" ">
    <subfield code="a">arXiv:1411.2619</subfield>
    <subfield code="9">arXiv</subfield>
  </datafield>
  <datafield tag="100" ind1=" " ind2=" ">
    <subfield code="a">Cheung, Kingman</subfield>
    <subfield code="v">Department of Physics, National Tsing Hua University,  Hsinchu 300, Taiwan</subfield>
    <subfield code="v">Division of Quantum Phases and Devices, School of Physics,  Konkuk University,   Seoul 143-701, Republic of Korea </subfield>
    <subfield code="v">Physics Division, National Center for Theoretical Sciences,  Hsinchu, Taiwan</subfield>
    <subfield code="w">South Korea</subfield>
    <subfield code="w">Taiwan</subfield>
  </datafield>
  <datafield tag="245" ind1=" " ind2=" ">
    <subfield code="a">
Non-abelian dark matter solutions for Galactic gamma-ray excess and Perseus 3.5 keV X-ray line</subfield>
  </datafield>
  <datafield tag="260" ind1=" " ind2=" ">
    <subfield code="c">2015-05-01</subfield>
    <subfield code="b">Institute of Physics Publishing/SISSA</subfield>
  </datafield>
  <datafield tag="520" ind1=" " ind2=" ">
    <subfield code="a">We attempt to explain simultaneously the Galactic center   gamma-ray excess and the 3.5 keV X-ray line from the Perseus cluster   based on a class of non-abelian SU(2) DM models, in which the dark   matter and an excited state comprise a ``dark'' SU(2) doublet.   The non-abelian group kinetically mixes with the standard model   gauge group via dimensions-5 operators.  The dark matter particles   annihilate into standard model fermions, followed by fragmentation   and bremsstrahlung, and thus producing a continuous spectrum of   gamma-rays.  On the other hand, the dark matter particles can   annihilate into a pair of excited states, each of which decays back   into the dark matter particle and an X-ray photon, which has an   energy equal to the mass difference between the dark matter and the   excited state, which is set to be 3.5 keV.  The large hierarchy   between the required X-ray and γ-ray annihilation cross-sections   can be achieved by a very small kinetic mixing between the SM and   dark sector, which effectively suppresses the annihilation into the   standard model fermions but not into the excited state.  </subfield>
  </datafield>
  <datafield tag="540" ind1=" " ind2=" ">
    <subfield code="a">CC-BY-3.0</subfield>
    <subfield code="u">http://creativecommons.org/licenses/by/3.0/</subfield>
  </datafield>
  <datafield tag="542" ind1=" " ind2=" ">
    <subfield code="f"></subfield>
  </datafield>
  <datafield tag="591" ind1=" " ind2=" ">
    <subfield code="a">CC:1</subfield>
  </datafield>
  <datafield tag="591" ind1=" " ind2=" ">
    <subfield code="a">Authors:1</subfield>
  </datafield>
  <datafield tag="591" ind1=" " ind2=" ">
    <subfield code="a">SCOAP3:1</subfield>
  </datafield>
  <datafield tag="591" ind1=" " ind2=" ">
    <subfield code="a">Category:1</subfield>
  </datafield>
  <datafield tag="653" ind1="1" ind2=" ">
    <subfield code="a">dark matter theory</subfield>
    <subfield code="9">author</subfield>
  </datafield>
  <datafield tag="653" ind1="1" ind2=" ">
    <subfield code="a">cosmic ray theory</subfield>
    <subfield code="9">author</subfield>
  </datafield>
  <datafield tag="653" ind1="1" ind2=" ">
    <subfield code="a">X-rays</subfield>
    <subfield code="9">author</subfield>
  </datafield>
  <datafield tag="700" ind1=" " ind2=" ">
    <subfield code="a">Huang, Wei-Chih</subfield>
    <subfield code="v">Department of Physics and Astronomy, University College London,  London, U.K.</subfield>
    <subfield code="w">UK</subfield>
  </datafield>
  <datafield tag="700" ind1=" " ind2=" ">
    <subfield code="a">Tsai, Yue-Lin Sming</subfield>
    <subfield code="v">Kavli IPMU (WPI), The University of Tokyo,  Kashiwa, Chiba 277-8583, Japan</subfield>
    <subfield code="w">Japan</subfield>
  </datafield>
  <datafield tag="773" ind1=" " ind2=" ">
    <subfield code="p">JCAP</subfield>
    <subfield code="v">1505</subfield>
    <subfield code="n">05</subfield>
    <subfield code="c">053</subfield>
    <subfield code="y">2015</subfield>
  </datafield>
  <datafield tag="856" ind1="4" ind2=" ">
    <subfield code="s">1403813</subfield>
    <subfield code="u">http://repo.scoap3.org/record/10466/files/fulltext.pdf</subfield>
  </datafield>
  <datafield tag="856" ind1="4" ind2=" ">
    <subfield code="s">86708</subfield>
    <subfield code="u">http://repo.scoap3.org/record/10466/files/fulltext.xml</subfield>
  </datafield>
  <datafield tag="909" ind1="C" ind2="O">
    <subfield code="o">oai:repo.scoap3.org:10466</subfield>
    <subfield code="p">GLOBAL_SET</subfield>
    <subfield code="p">JOURNAL_OF_COSMOLOGY_AND_ASTROPARTICLE_PHYSICS</subfield>
  </datafield>
  <datafield tag="980" ind1=" " ind2=" ">
    <subfield code="a">SCOAP3</subfield>
    <subfield code="b">IOP</subfield>
  </datafield>
</record>