
<record>
  <controlfield tag="001">10463</controlfield>
  <controlfield tag="005">20150526192439.0</controlfield>
  <datafield tag="022" ind1=" " ind2=" ">
    <subfield code="a">1475-7516</subfield>
  </datafield>
  <datafield tag="024" ind1="7" ind2=" ">
    <subfield code="a">10.1088/1475-7516/2015/05/044</subfield>
    <subfield code="2">DOI</subfield>
  </datafield>
  <datafield tag="035" ind1=" " ind2=" ">
    <subfield code="a">1335437</subfield>
    <subfield code="9">INSPIRE</subfield>
  </datafield>
  <datafield tag="037" ind1=" " ind2=" ">
    <subfield code="a">arXiv:1412.7418</subfield>
    <subfield code="9">arXiv</subfield>
  </datafield>
  <datafield tag="100" ind1=" " ind2=" ">
    <subfield code="a">Lu, Jia-Shu</subfield>
    <subfield code="v">Institute of High Energy Physics, Chinese Academy of Sciences,   Beijing 100049, China</subfield>
    <subfield code="w">China</subfield>
  </datafield>
  <datafield tag="245" ind1=" " ind2=" ">
    <subfield code="a">
Constraining absolute neutrino masses via detection of  galactic supernova neutrinos at JUNO</subfield>
  </datafield>
  <datafield tag="260" ind1=" " ind2=" ">
    <subfield code="c">2015-05-01</subfield>
    <subfield code="b">Institute of Physics Publishing/SISSA</subfield>
  </datafield>
  <datafield tag="520" ind1=" " ind2=" ">
    <subfield code="a">A high-statistics measurement of the neutrinos from a   galactic core-collapse supernova is extremely important for   understanding the explosion mechanism, and studying the intrinsic   properties of neutrinos themselves. In this paper, we explore the   possibility to constrain the absolute scale of neutrino masses   mν via the detection of galactic supernova neutrinos at the   Jiangmen Underground Neutrino Observatory (JUNO) with a 20 kiloton   liquid-scintillator detector. In assumption of a nearly-degenerate   neutrino mass spectrum and a normal mass ordering, the upper bound   on the absolute neutrino mass is found to be mν &lt; (0.83 ± 0.24) eV at the 95% confidence level for a typical galactic   supernova at a distance of 10 kpc, where the mean value and standard   deviation are shown to account for statistical fluctuations. For   comparison, we find that the bound in the Super-Kamiokande   experiment is mν &lt; (0.94 ± 0.28) eV at the same   confidence level. However, the upper bound will be relaxed when the   model parameters characterizing the time structure of supernova   neutrino fluxes are not exactly known, and when the neutrino mass   ordering is inverted.</subfield>
  </datafield>
  <datafield tag="540" ind1=" " ind2=" ">
    <subfield code="a">CC-BY-3.0</subfield>
    <subfield code="u">http://creativecommons.org/licenses/by/3.0/</subfield>
  </datafield>
  <datafield tag="542" ind1=" " ind2=" ">
    <subfield code="f"></subfield>
  </datafield>
  <datafield tag="591" ind1=" " ind2=" ">
    <subfield code="a">CC:1</subfield>
  </datafield>
  <datafield tag="591" ind1=" " ind2=" ">
    <subfield code="a">Authors:1</subfield>
  </datafield>
  <datafield tag="591" ind1=" " ind2=" ">
    <subfield code="a">SCOAP3:1</subfield>
  </datafield>
  <datafield tag="591" ind1=" " ind2=" ">
    <subfield code="a">Category:1</subfield>
  </datafield>
  <datafield tag="653" ind1="1" ind2=" ">
    <subfield code="a">supernova neutrinos</subfield>
    <subfield code="9">author</subfield>
  </datafield>
  <datafield tag="653" ind1="1" ind2=" ">
    <subfield code="a">neutrino detectors</subfield>
    <subfield code="9">author</subfield>
  </datafield>
  <datafield tag="653" ind1="1" ind2=" ">
    <subfield code="a">neutrino properties</subfield>
    <subfield code="9">author</subfield>
  </datafield>
  <datafield tag="700" ind1=" " ind2=" ">
    <subfield code="a">Cao, Jun</subfield>
    <subfield code="v">Institute of High Energy Physics, Chinese Academy of Sciences,   Beijing 100049, China</subfield>
    <subfield code="w">China</subfield>
  </datafield>
  <datafield tag="700" ind1=" " ind2=" ">
    <subfield code="a">Li, Yu-Feng</subfield>
    <subfield code="v">Institute of High Energy Physics, Chinese Academy of Sciences,   Beijing 100049, China</subfield>
    <subfield code="w">China</subfield>
  </datafield>
  <datafield tag="700" ind1=" " ind2=" ">
    <subfield code="a">Zhou, Shun</subfield>
    <subfield code="v">Institute of High Energy Physics, Chinese Academy of Sciences,   Beijing 100049, China</subfield>
    <subfield code="w">China</subfield>
  </datafield>
  <datafield tag="773" ind1=" " ind2=" ">
    <subfield code="p">JCAP</subfield>
    <subfield code="v">1505</subfield>
    <subfield code="n">05</subfield>
    <subfield code="c">044</subfield>
    <subfield code="y">2015</subfield>
  </datafield>
  <datafield tag="856" ind1="4" ind2=" ">
    <subfield code="s">320628</subfield>
    <subfield code="u">http://repo.scoap3.org/record/10463/files/fulltext.pdf</subfield>
  </datafield>
  <datafield tag="856" ind1="4" ind2=" ">
    <subfield code="s">61438</subfield>
    <subfield code="u">http://repo.scoap3.org/record/10463/files/fulltext.xml</subfield>
  </datafield>
  <datafield tag="909" ind1="C" ind2="O">
    <subfield code="o">oai:repo.scoap3.org:10463</subfield>
    <subfield code="p">GLOBAL_SET</subfield>
    <subfield code="p">PR China</subfield>
    <subfield code="p">JOURNAL_OF_COSMOLOGY_AND_ASTROPARTICLE_PHYSICS</subfield>
    <subfield code="p">PR_China</subfield>
  </datafield>
  <datafield tag="980" ind1=" " ind2=" ">
    <subfield code="a">SCOAP3</subfield>
    <subfield code="b">IOP</subfield>
  </datafield>
</record>