
<record>
  <controlfield tag="001">10398</controlfield>
  <controlfield tag="005">20151125162449.0</controlfield>
  <datafield tag="022" ind1=" " ind2=" ">
    <subfield code="a">1475-7516</subfield>
  </datafield>
  <datafield tag="024" ind1="7" ind2=" ">
    <subfield code="a">10.1088/1475-7516/2015/05/037</subfield>
    <subfield code="2">DOI</subfield>
  </datafield>
  <datafield tag="035" ind1=" " ind2=" ">
    <subfield code="a">1346933</subfield>
    <subfield code="9">INSPIRE</subfield>
  </datafield>
  <datafield tag="037" ind1=" " ind2=" ">
    <subfield code="a">arXiv:1503.00608</subfield>
    <subfield code="9">arXiv</subfield>
    <subfield code="a">arXiv:1503.00608</subfield>
  </datafield>
  <datafield tag="100" ind1=" " ind2=" ">
    <subfield code="a">Dvornikov, Maxim</subfield>
    <subfield code="v">Institute of Physics, University of São Paulo,   CP 66318, CEP 05314-970 São Paulo, SP, Brazil</subfield>
    <subfield code="v">Pushkov Institute of Terrestrial Magnetism,  Ionosphere and Radiowave Propagation   (IZMIRAN), 142190 Troitsk, Moscow, Russia</subfield>
    <subfield code="v">Physics Faculty, National Research Tomsk State University,   36 Lenin Ave., 634050 Tomsk, Russia</subfield>
    <subfield code="w">Brazil</subfield>
    <subfield code="w">Russia</subfield>
  </datafield>
  <datafield tag="245" ind1=" " ind2=" ">
    <subfield code="a">
Galvano-rotational effect induced by electroweak interactions in pulsars</subfield>
  </datafield>
  <datafield tag="260" ind1=" " ind2=" ">
    <subfield code="c">2015-05-01</subfield>
    <subfield code="b">Institute of Physics Publishing/SISSA</subfield>
  </datafield>
  <datafield tag="520" ind1=" " ind2=" ">
    <subfield code="a">We study electroweakly interacting particles in rotating   matter. The existence of the electric current along the axis of the   matter rotation is predicted in this system.  This new   galvano-rotational effect is caused by the parity violating   interaction between massless charged particles in the rotating   matter. We start with the exact solution of the Dirac equation for a   fermion involved in the electroweak interaction in the rotating   frame. This equation includes the noninertial effects. Then, using   the obtained solution, we derive the induced electric current which   turns out to flow along the rotation axis. We study the possibility   of the appearance of the galvano-rotational effect in dense matter   of compact astrophysical objects. The particular example of neutron   and hypothetical quark stars is discussed. It is shown that, using   this effect, one can expect the generation of toroidal magnetic   fields comparable with poloidal ones in old millisecond pulsars. We   also briefly discuss the generation of the magnetic helicity in   these stars. Finally we analyze the possibility to apply the   galvano-rotational effect for the description of the asymmetric   neutrino emission from a neutron star to explain pulsars kicks.</subfield>
  </datafield>
  <datafield tag="540" ind1=" " ind2=" ">
    <subfield code="a">CC-BY-3.0</subfield>
    <subfield code="u">http://creativecommons.org/licenses/by/3.0/</subfield>
  </datafield>
  <datafield tag="542" ind1=" " ind2=" ">
    <subfield code="f"></subfield>
  </datafield>
  <datafield tag="591" ind1=" " ind2=" ">
    <subfield code="a">Category:1</subfield>
  </datafield>
  <datafield tag="591" ind1=" " ind2=" ">
    <subfield code="a">CC:1</subfield>
  </datafield>
  <datafield tag="591" ind1=" " ind2=" ">
    <subfield code="a">Authors:1</subfield>
  </datafield>
  <datafield tag="591" ind1=" " ind2=" ">
    <subfield code="a">SCOAP3:1</subfield>
  </datafield>
  <datafield tag="653" ind1="1" ind2=" ">
    <subfield code="a">neutron stars</subfield>
    <subfield code="9">author</subfield>
  </datafield>
  <datafield tag="653" ind1="1" ind2=" ">
    <subfield code="a">magnetic fields</subfield>
    <subfield code="9">author</subfield>
  </datafield>
  <datafield tag="653" ind1="1" ind2=" ">
    <subfield code="a">gravity</subfield>
    <subfield code="9">author</subfield>
  </datafield>
  <datafield tag="773" ind1=" " ind2=" ">
    <subfield code="p">JCAP</subfield>
    <subfield code="v">1505</subfield>
    <subfield code="n">05</subfield>
    <subfield code="c">037</subfield>
    <subfield code="y">2015</subfield>
  </datafield>
  <datafield tag="856" ind1="4" ind2=" ">
    <subfield code="s">312212</subfield>
    <subfield code="u">http://repo.scoap3.org/record/10398/files/fulltext.pdf</subfield>
  </datafield>
  <datafield tag="856" ind1="4" ind2=" ">
    <subfield code="s">67137</subfield>
    <subfield code="u">http://repo.scoap3.org/record/10398/files/fulltext.xml</subfield>
  </datafield>
  <datafield tag="909" ind1="C" ind2="O">
    <subfield code="o">oai:repo.scoap3.org:10398</subfield>
    <subfield code="p">GLOBAL_SET</subfield>
    <subfield code="p">JOURNAL_OF_COSMOLOGY_AND_ASTROPARTICLE_PHYSICS</subfield>
  </datafield>
  <datafield tag="980" ind1=" " ind2=" ">
    <subfield code="a">SCOAP3</subfield>
    <subfield code="b">IOP</subfield>
  </datafield>
</record>