
<record>
  <controlfield tag="001">10397</controlfield>
  <controlfield tag="005">20150526152050.0</controlfield>
  <datafield tag="022" ind1=" " ind2=" ">
    <subfield code="a">1475-7516</subfield>
  </datafield>
  <datafield tag="024" ind1="7" ind2=" ">
    <subfield code="a">10.1088/1475-7516/2015/05/036</subfield>
    <subfield code="2">DOI</subfield>
  </datafield>
  <datafield tag="035" ind1=" " ind2=" ">
    <subfield code="a">1344006</subfield>
    <subfield code="9">INSPIRE</subfield>
  </datafield>
  <datafield tag="037" ind1=" " ind2=" ">
    <subfield code="a">arXiv:1502.03342</subfield>
    <subfield code="9">arXiv</subfield>
  </datafield>
  <datafield tag="100" ind1=" " ind2=" ">
    <subfield code="a">Blennow, Mattias</subfield>
    <subfield code="v">Department of Theoretical physics, School of Engineering Sciences,  KTH Royal Institute of Technology,  AlbaNova University Center, 106 91 Stockholm, Sweden</subfield>
    <subfield code="w">Sweden</subfield>
  </datafield>
  <datafield tag="245" ind1=" " ind2=" ">
    <subfield code="a">
A halo-independent lower bound on the dark matter capture rate in the Sun from  a direct detection signal</subfield>
  </datafield>
  <datafield tag="260" ind1=" " ind2=" ">
    <subfield code="c">2015-05-01</subfield>
    <subfield code="b">Institute of Physics Publishing/SISSA</subfield>
  </datafield>
  <datafield tag="520" ind1=" " ind2=" ">
    <subfield code="a">We show that a positive signal in a dark matter (DM) direct   detection experiment can be used to place a lower bound on the DM   capture rate in the Sun, independent of the DM halo. For a given   particle physics model and DM mass we obtain a lower bound on the   capture rate independent of the local DM density, velocity   distribution, galactic escape velocity, as well as the scattering   cross section. We illustrate this lower bound on the capture rate by   assuming that upcoming direct detection experiments will soon obtain   a significant signal. When comparing the lower bound on the capture   rate with limits on the high-energy neutrino flux from the Sun from   neutrino telescopes, we can place upper limits on the branching   fraction of DM annihilation channels leading to neutrinos. With   current data from IceCube and Super-Kamiokande non-trivial limits   can be obtained for spin-dependent interactions and direct   annihilations into neutrinos. In some cases also annihilations into   ττ or b b start getting constrained. For   spin-independent interactions current constraints are weak, but they   may become interesting for data from future neutrino telescopes.</subfield>
  </datafield>
  <datafield tag="540" ind1=" " ind2=" ">
    <subfield code="a">CC-BY-3.0</subfield>
    <subfield code="u">http://creativecommons.org/licenses/by/3.0/</subfield>
  </datafield>
  <datafield tag="542" ind1=" " ind2=" ">
    <subfield code="f"></subfield>
  </datafield>
  <datafield tag="591" ind1=" " ind2=" ">
    <subfield code="a">CC:1</subfield>
  </datafield>
  <datafield tag="591" ind1=" " ind2=" ">
    <subfield code="a">Authors:1</subfield>
  </datafield>
  <datafield tag="591" ind1=" " ind2=" ">
    <subfield code="a">SCOAP3:1</subfield>
  </datafield>
  <datafield tag="591" ind1=" " ind2=" ">
    <subfield code="a">Category:1</subfield>
  </datafield>
  <datafield tag="653" ind1="1" ind2=" ">
    <subfield code="a">dark matter experiments</subfield>
    <subfield code="9">author</subfield>
  </datafield>
  <datafield tag="653" ind1="1" ind2=" ">
    <subfield code="a">dark matter theory</subfield>
    <subfield code="9">author</subfield>
  </datafield>
  <datafield tag="700" ind1=" " ind2=" ">
    <subfield code="a">Herrero-Garcia, Juan</subfield>
    <subfield code="v">Department of Theoretical physics, School of Engineering Sciences,  KTH Royal Institute of Technology,  AlbaNova University Center, 106 91 Stockholm, Sweden</subfield>
    <subfield code="w">Sweden</subfield>
  </datafield>
  <datafield tag="700" ind1=" " ind2=" ">
    <subfield code="a">Schwetz, Thomas</subfield>
    <subfield code="v">Oskar Klein Centre for Cosmoparticle Physics, Department of Physics,  Stockholm University,  SE-10691 Stockholm, Sweden</subfield>
    <subfield code="w">Sweden</subfield>
  </datafield>
  <datafield tag="773" ind1=" " ind2=" ">
    <subfield code="p">JCAP</subfield>
    <subfield code="v">1505</subfield>
    <subfield code="n">05</subfield>
    <subfield code="c">036</subfield>
    <subfield code="y">2015</subfield>
  </datafield>
  <datafield tag="856" ind1="4" ind2=" ">
    <subfield code="s">1672750</subfield>
    <subfield code="u">http://repo.scoap3.org/record/10397/files/fulltext.pdf</subfield>
  </datafield>
  <datafield tag="856" ind1="4" ind2=" ">
    <subfield code="s">82968</subfield>
    <subfield code="u">http://repo.scoap3.org/record/10397/files/fulltext.xml</subfield>
  </datafield>
  <datafield tag="909" ind1="C" ind2="O">
    <subfield code="o">oai:repo.scoap3.org:10397</subfield>
    <subfield code="p">GLOBAL_SET</subfield>
    <subfield code="p">JOURNAL_OF_COSMOLOGY_AND_ASTROPARTICLE_PHYSICS</subfield>
  </datafield>
  <datafield tag="980" ind1=" " ind2=" ">
    <subfield code="a">SCOAP3</subfield>
    <subfield code="b">IOP</subfield>
  </datafield>
</record>