
<record>
  <controlfield tag="001">9954</controlfield>
  <controlfield tag="005">20150420172400.0</controlfield>
  <datafield tag="022" ind1=" " ind2=" ">
    <subfield code="a">1475-7516</subfield>
  </datafield>
  <datafield tag="024" ind1="7" ind2=" ">
    <subfield code="a">10.1088/1475-7516/2015/04/026</subfield>
    <subfield code="2">DOI</subfield>
  </datafield>
  <datafield tag="035" ind1=" " ind2=" ">
    <subfield code="a">1336311</subfield>
    <subfield code="9">INSPIRE</subfield>
  </datafield>
  <datafield tag="037" ind1=" " ind2=" ">
    <subfield code="a">arXiv:1501.00864</subfield>
    <subfield code="9">arXiv</subfield>
  </datafield>
  <datafield tag="100" ind1=" " ind2=" ">
    <subfield code="a">Comelli, D.</subfield>
    <subfield code="v">INFN, Sezione di Ferrara,   Via Saragat 1, 44122 Ferrara, Italy</subfield>
    <subfield code="w">Italy</subfield>
  </datafield>
  <datafield tag="245" ind1=" " ind2=" ">
    <subfield code="a">
Cosmology of bigravity with doubly coupled matter</subfield>
  </datafield>
  <datafield tag="260" ind1=" " ind2=" ">
    <subfield code="c">2015-04-01</subfield>
    <subfield code="b">Institute of Physics Publishing/SISSA</subfield>
  </datafield>
  <datafield tag="520" ind1=" " ind2=" ">
    <subfield code="a">We study cosmology in the bigravity formulation of the dRGT   model where matter couples to both metrics.  At linear order in   perturbation theory two mass scales emerge: an hard one from the   dRGT potential, and an environmental dependent one from the coupling   of bigravity with matter.  At early time, the dynamics is dictated   by the second mass scale which is of order of the Hubble scale.  The   set of gauge invariant perturbations that couples to matter follow   closely the same behaviour as in GR .  The remaining perturbations   show no issue in the scalar sector, while problems arise in the   tensor and vector sectors.  During radiation domination, a tensor   mode grows power-like at super-horizon scales.  More dangerously,   the only propagating vector mode features an exponential instability   on sub-horizon scales. We discuss the consequences of such   instabilities and speculate on possible ways to deal with them.</subfield>
  </datafield>
  <datafield tag="540" ind1=" " ind2=" ">
    <subfield code="a">CC-BY-3.0</subfield>
    <subfield code="u">http://creativecommons.org/licenses/by/3.0/</subfield>
  </datafield>
  <datafield tag="542" ind1=" " ind2=" ">
    <subfield code="f"></subfield>
  </datafield>
  <datafield tag="591" ind1=" " ind2=" ">
    <subfield code="a">CC:1</subfield>
  </datafield>
  <datafield tag="591" ind1=" " ind2=" ">
    <subfield code="a">Authors:1</subfield>
  </datafield>
  <datafield tag="591" ind1=" " ind2=" ">
    <subfield code="a">SCOAP3:1</subfield>
  </datafield>
  <datafield tag="591" ind1=" " ind2=" ">
    <subfield code="a">Category:1</subfield>
  </datafield>
  <datafield tag="653" ind1="1" ind2=" ">
    <subfield code="a">cosmological perturbation theory</subfield>
    <subfield code="9">author</subfield>
  </datafield>
  <datafield tag="653" ind1="1" ind2=" ">
    <subfield code="a">modified gravity</subfield>
    <subfield code="9">author</subfield>
  </datafield>
  <datafield tag="700" ind1=" " ind2=" ">
    <subfield code="a">Crisostomi, M.</subfield>
    <subfield code="v">Institute of Cosmology and Gravitation, University of Portsmouth,   Burnaby Road, PO1 3FX, Portsmouth, U.K.</subfield>
    <subfield code="w">UK</subfield>
  </datafield>
  <datafield tag="700" ind1=" " ind2=" ">
    <subfield code="a">Koyama, K.</subfield>
    <subfield code="v">Institute of Cosmology and Gravitation, University of Portsmouth,   Burnaby Road, PO1 3FX, Portsmouth, U.K.</subfield>
    <subfield code="w">UK</subfield>
  </datafield>
  <datafield tag="700" ind1=" " ind2=" ">
    <subfield code="a">Pilo, L.</subfield>
    <subfield code="v">Dipartimento di Fisica, Università di L'Aquila,   Via Vetoio, 67010 L'Aquila, Italy</subfield>
    <subfield code="v">INFN, Laboratori Nazionali del Gran Sasso,   Via G. Acitelli 22, 67100 Assergi, Italy</subfield>
    <subfield code="w">Italy</subfield>
  </datafield>
  <datafield tag="700" ind1=" " ind2=" ">
    <subfield code="a">Tasinato, G.</subfield>
    <subfield code="v">Department of Physics, Swansea University,   Singleton Park, SA2 8PP, Swansea, U.K.</subfield>
    <subfield code="w">UK</subfield>
  </datafield>
  <datafield tag="773" ind1=" " ind2=" ">
    <subfield code="p">JCAP</subfield>
    <subfield code="v">1504</subfield>
    <subfield code="n">04</subfield>
    <subfield code="c">026</subfield>
    <subfield code="y">2015</subfield>
  </datafield>
  <datafield tag="856" ind1="4" ind2=" ">
    <subfield code="s">523958</subfield>
    <subfield code="u">http://repo.scoap3.org/record/9954/files/fulltext.pdf</subfield>
  </datafield>
  <datafield tag="856" ind1="4" ind2=" ">
    <subfield code="s">69738</subfield>
    <subfield code="u">http://repo.scoap3.org/record/9954/files/fulltext.xml</subfield>
  </datafield>
  <datafield tag="909" ind1="C" ind2="O">
    <subfield code="o">oai:repo.scoap3.org:9954</subfield>
    <subfield code="p">GLOBAL_SET</subfield>
    <subfield code="p">JOURNAL_OF_COSMOLOGY_AND_ASTROPARTICLE_PHYSICS</subfield>
  </datafield>
  <datafield tag="980" ind1=" " ind2=" ">
    <subfield code="a">SCOAP3</subfield>
    <subfield code="b">IOP</subfield>
  </datafield>
</record>