
<record>
  <controlfield tag="001">9866</controlfield>
  <controlfield tag="005">20150409162357.0</controlfield>
  <datafield tag="022" ind1=" " ind2=" ">
    <subfield code="a">1475-7516</subfield>
  </datafield>
  <datafield tag="024" ind1="7" ind2=" ">
    <subfield code="a">10.1088/1475-7516/2015/04/012</subfield>
    <subfield code="2">DOI</subfield>
  </datafield>
  <datafield tag="035" ind1=" " ind2=" ">
    <subfield code="a">1338091</subfield>
    <subfield code="9">INSPIRE</subfield>
  </datafield>
  <datafield tag="037" ind1=" " ind2=" ">
    <subfield code="a">arXiv:1501.01973</subfield>
    <subfield code="9">arXiv</subfield>
  </datafield>
  <datafield tag="100" ind1=" " ind2=" ">
    <subfield code="a">Bernal, Nicolás</subfield>
    <subfield code="v">ICTP South American Institute for Fundamental Research,  Instituto de Física Teórica, Universidade Estadual Paulista,  São Paulo, Brazil</subfield>
    <subfield code="w">Brazil</subfield>
  </datafield>
  <datafield tag="245" ind1=" " ind2=" ">
    <subfield code="a">
WIMP and SIMP dark matter from the spontaneous breaking of a global group</subfield>
  </datafield>
  <datafield tag="260" ind1=" " ind2=" ">
    <subfield code="c">2015-04-01</subfield>
    <subfield code="b">Institute of Physics Publishing/SISSA</subfield>
  </datafield>
  <datafield tag="520" ind1=" " ind2=" ">
    <subfield code="a">We propose and study a scalar extension of the Standard Model which respects a ℤ3 symmetry remnant of the spontaneous breaking of a global U(1)DM symmetry. Consequently, this model has a natural dark matter candidate and a Goldstone boson in the physical spectrum. In addition, the Higgs boson properties are changed with respect to the Standard Model due to the mixing with a new particle. We explore regions in the parameter space  taking into account bounds from the measured Higgs properties, dark matter direct detection as well as measurements of the effective number of neutrino species before recombination. The dark matter relic density is determined by three classes of processes: the usual self-annihilation, semi-annihilation and purely dark matter 3 → 2 processes. The latter has been subject of recent interest leading to the so-called `Strongly Interacting Massive Particle' (SIMP) scenario. We show under which conditions our model can lead to a concrete realization of such scenario and study the possibility that the dark matter self-interactions could address the small scale structure problems. In particular, we find that in order for the SIMP scenario to work, the dark matter mass must be in the range 7−115 MeV, with the global symmetry energy breaking scale in the TeV range.</subfield>
  </datafield>
  <datafield tag="540" ind1=" " ind2=" ">
    <subfield code="a">CC-BY-3.0</subfield>
    <subfield code="u">http://creativecommons.org/licenses/by/3.0/</subfield>
  </datafield>
  <datafield tag="542" ind1=" " ind2=" ">
    <subfield code="f"></subfield>
  </datafield>
  <datafield tag="591" ind1=" " ind2=" ">
    <subfield code="a">CC:1</subfield>
  </datafield>
  <datafield tag="591" ind1=" " ind2=" ">
    <subfield code="a">Authors:1</subfield>
  </datafield>
  <datafield tag="591" ind1=" " ind2=" ">
    <subfield code="a">SCOAP3:1</subfield>
  </datafield>
  <datafield tag="591" ind1=" " ind2=" ">
    <subfield code="a">Category:1</subfield>
  </datafield>
  <datafield tag="653" ind1="1" ind2=" ">
    <subfield code="a">dark matter theory</subfield>
    <subfield code="9">author</subfield>
  </datafield>
  <datafield tag="653" ind1="1" ind2=" ">
    <subfield code="a">particle physics - cosmology connection</subfield>
    <subfield code="9">author</subfield>
  </datafield>
  <datafield tag="700" ind1=" " ind2=" ">
    <subfield code="a">Garcia-Cely, Camilo</subfield>
    <subfield code="v">Service de Physique Théorique, Université Libre de Bruxelles,  Boulevard du Triomphe, CP225, 1050 Brussels, Belgium</subfield>
    <subfield code="w">Belgium</subfield>
  </datafield>
  <datafield tag="700" ind1=" " ind2=" ">
    <subfield code="a">Rosenfeld, Rogério</subfield>
    <subfield code="v">ICTP South American Institute for Fundamental Research,  Instituto de Física Teórica, Universidade Estadual Paulista,  São Paulo, Brazil</subfield>
    <subfield code="w">Brazil</subfield>
  </datafield>
  <datafield tag="773" ind1=" " ind2=" ">
    <subfield code="p">JCAP</subfield>
    <subfield code="v">1504</subfield>
    <subfield code="n">04</subfield>
    <subfield code="c">012</subfield>
    <subfield code="y">2015</subfield>
  </datafield>
  <datafield tag="856" ind1="4" ind2=" ">
    <subfield code="s">1053779</subfield>
    <subfield code="u">http://repo.scoap3.org/record/9866/files/fulltext.pdf</subfield>
  </datafield>
  <datafield tag="856" ind1="4" ind2=" ">
    <subfield code="s">112431</subfield>
    <subfield code="u">http://repo.scoap3.org/record/9866/files/fulltext.xml</subfield>
  </datafield>
  <datafield tag="909" ind1="C" ind2="O">
    <subfield code="o">oai:repo.scoap3.org:9866</subfield>
    <subfield code="p">GLOBAL_SET</subfield>
    <subfield code="p">JOURNAL_OF_COSMOLOGY_AND_ASTROPARTICLE_PHYSICS</subfield>
  </datafield>
  <datafield tag="980" ind1=" " ind2=" ">
    <subfield code="a">SCOAP3</subfield>
    <subfield code="b">IOP</subfield>
  </datafield>
</record>