
<record>
  <controlfield tag="001">9865</controlfield>
  <controlfield tag="005">20150409162357.0</controlfield>
  <datafield tag="022" ind1=" " ind2=" ">
    <subfield code="a">1475-7516</subfield>
  </datafield>
  <datafield tag="024" ind1="7" ind2=" ">
    <subfield code="a">10.1088/1475-7516/2015/04/013</subfield>
    <subfield code="2">DOI</subfield>
  </datafield>
  <datafield tag="035" ind1=" " ind2=" ">
    <subfield code="a">1320754</subfield>
    <subfield code="9">INSPIRE</subfield>
  </datafield>
  <datafield tag="037" ind1=" " ind2=" ">
    <subfield code="a">arXiv:1410.1867</subfield>
    <subfield code="9">arXiv</subfield>
  </datafield>
  <datafield tag="100" ind1=" " ind2=" ">
    <subfield code="a">Alvarez, Pedro D.</subfield>
    <subfield code="v">Rudolf Peierls Centre for Theoretical Physics, University of Oxford,  1 Keble Road, Oxford, OX1 3NP, U.K.</subfield>
    <subfield code="w">UK</subfield>
  </datafield>
  <datafield tag="245" ind1=" " ind2=" ">
    <subfield code="a">
Observational consistency and future predictions for a 3.5 keV ALP to photon line</subfield>
  </datafield>
  <datafield tag="260" ind1=" " ind2=" ">
    <subfield code="c">2015-04-01</subfield>
    <subfield code="b">Institute of Physics Publishing/SISSA</subfield>
  </datafield>
  <datafield tag="520" ind1=" " ind2=" ">
    <subfield code="a">Motivated by the possibility of explaining the 3.5 keV line through dark matter decaying to axion-like particles that subsequently convert to photons, we study ALP-photon conversion for sightlines passing within 50 pc of the galactic centre. Conversion depends on the galactic centre magnetic field which is highly uncertain. For fields at low or mid-range of observational estimates (10–100 μG), no observable signal is possible. For fields at the high range of observational estimates (a pervasive poloidal mG field over the central 150 pc) it is possible to generate sufficient signal to explain recent observations of a 3.5 keV line in the galactic centre. In this scenario, the galactic centre line signal comes predominantly from the region with  z > 20 pc, reconciling the results from the Chandra and XMM-Newton X-ray telescopes. The dark matter to ALP to photon scenario also naturally predicts the non-observation of the 3.5 keV line in stacked galaxy spectra. We further explore predictions for the line flux in galaxies and suggest a set of galaxies that is optimised for observing the 3.5 keV line in this model.</subfield>
  </datafield>
  <datafield tag="540" ind1=" " ind2=" ">
    <subfield code="a">CC-BY-3.0</subfield>
    <subfield code="u">http://creativecommons.org/licenses/by/3.0/</subfield>
  </datafield>
  <datafield tag="542" ind1=" " ind2=" ">
    <subfield code="f"></subfield>
  </datafield>
  <datafield tag="591" ind1=" " ind2=" ">
    <subfield code="a">CC:1</subfield>
  </datafield>
  <datafield tag="591" ind1=" " ind2=" ">
    <subfield code="a">Authors:1</subfield>
  </datafield>
  <datafield tag="591" ind1=" " ind2=" ">
    <subfield code="a">SCOAP3:1</subfield>
  </datafield>
  <datafield tag="591" ind1=" " ind2=" ">
    <subfield code="a">Category:1</subfield>
  </datafield>
  <datafield tag="653" ind1="1" ind2=" ">
    <subfield code="a">axions</subfield>
    <subfield code="9">author</subfield>
  </datafield>
  <datafield tag="653" ind1="1" ind2=" ">
    <subfield code="a">dark matter theory</subfield>
    <subfield code="9">author</subfield>
  </datafield>
  <datafield tag="653" ind1="1" ind2=" ">
    <subfield code="a">X-rays</subfield>
    <subfield code="9">author</subfield>
  </datafield>
  <datafield tag="653" ind1="1" ind2=" ">
    <subfield code="a">galactic magnetic fields</subfield>
    <subfield code="9">author</subfield>
  </datafield>
  <datafield tag="700" ind1=" " ind2=" ">
    <subfield code="a">Conlon, Joseph P.</subfield>
    <subfield code="v">Rudolf Peierls Centre for Theoretical Physics, University of Oxford,  1 Keble Road, Oxford, OX1 3NP, U.K.</subfield>
    <subfield code="w">UK</subfield>
  </datafield>
  <datafield tag="700" ind1=" " ind2=" ">
    <subfield code="a">Day, Francesca V.</subfield>
    <subfield code="v">Rudolf Peierls Centre for Theoretical Physics, University of Oxford,  1 Keble Road, Oxford, OX1 3NP, U.K.</subfield>
    <subfield code="w">UK</subfield>
  </datafield>
  <datafield tag="700" ind1=" " ind2=" ">
    <subfield code="a">Marsh, M.C. David</subfield>
    <subfield code="v">Rudolf Peierls Centre for Theoretical Physics, University of Oxford,  1 Keble Road, Oxford, OX1 3NP, U.K.</subfield>
    <subfield code="w">UK</subfield>
  </datafield>
  <datafield tag="700" ind1=" " ind2=" ">
    <subfield code="a">Rummel, Markus</subfield>
    <subfield code="v">Rudolf Peierls Centre for Theoretical Physics, University of Oxford,  1 Keble Road, Oxford, OX1 3NP, U.K.</subfield>
    <subfield code="w">UK</subfield>
  </datafield>
  <datafield tag="773" ind1=" " ind2=" ">
    <subfield code="p">JCAP</subfield>
    <subfield code="v">1504</subfield>
    <subfield code="n">04</subfield>
    <subfield code="c">013</subfield>
    <subfield code="y">2015</subfield>
  </datafield>
  <datafield tag="856" ind1="4" ind2=" ">
    <subfield code="s">108172</subfield>
    <subfield code="u">http://repo.scoap3.org/record/9865/files/fulltext.xml</subfield>
  </datafield>
  <datafield tag="856" ind1="4" ind2=" ">
    <subfield code="s">2084177</subfield>
    <subfield code="u">http://repo.scoap3.org/record/9865/files/fulltext.pdf</subfield>
  </datafield>
  <datafield tag="909" ind1="C" ind2="O">
    <subfield code="o">oai:repo.scoap3.org:9865</subfield>
    <subfield code="p">GLOBAL_SET</subfield>
    <subfield code="p">JOURNAL_OF_COSMOLOGY_AND_ASTROPARTICLE_PHYSICS</subfield>
  </datafield>
  <datafield tag="980" ind1=" " ind2=" ">
    <subfield code="a">SCOAP3</subfield>
    <subfield code="b">IOP</subfield>
  </datafield>
</record>