
<record>
  <controlfield tag="001">9786</controlfield>
  <controlfield tag="005">20150408191903.0</controlfield>
  <datafield tag="022" ind1=" " ind2=" ">
    <subfield code="a">1475-7516</subfield>
  </datafield>
  <datafield tag="024" ind1="7" ind2=" ">
    <subfield code="a">10.1088/1475-7516/2015/03/057</subfield>
    <subfield code="2">DOI</subfield>
    <subfield code="t">2015-04-08T12:12:19Z</subfield>
  </datafield>
  <datafield tag="035" ind1=" " ind2=" ">
    <subfield code="a">1338313</subfield>
    <subfield code="9">INSPIRE</subfield>
  </datafield>
  <datafield tag="037" ind1=" " ind2=" ">
    <subfield code="a">arXiv:1501.02553</subfield>
    <subfield code="9">arXiv</subfield>
  </datafield>
  <datafield tag="100" ind1=" " ind2=" ">
    <subfield code="a">Nishi, Sakine</subfield>
    <subfield code="v">Department of Physics, Rikkyo University,   Toshima, Tokyo 175-8501, Japan</subfield>
    <subfield code="w">Japan</subfield>
  </datafield>
  <datafield tag="245" ind1=" " ind2=" ">
    <subfield code="a">
Generalized galilean genesis</subfield>
  </datafield>
  <datafield tag="260" ind1=" " ind2=" ">
    <subfield code="c">2015-03-01</subfield>
    <subfield code="b">Institute of Physics Publishing/SISSA</subfield>
  </datafield>
  <datafield tag="520" ind1=" " ind2=" ">
    <subfield code="a">The galilean genesis scenario is an alternative to inflation   in which the universe starts expanding from Minkowski in the   asymptotic past by violating the null energy condition stably.   Several concrete models of galilean genesis have been constructed so   far within the context of galileon-type scalar-field theories.  We   give a generic, unified description of the galilean genesis scenario   in terms of the Horndeski theory, i.e., the most general   scalar-tensor theory with second-order field equations. In doing so   we generalize the previous models to have a new parameter (denoted   by α) which results in controlling the evolution of the   Hubble rate.  The background dynamics is investigated to show that   the generalized galilean genesis solution is an attractor, similarly   to the original model.  We also study the nature of primordial   perturbations in the generalized galilean genesis scenario.  In all   the models described by our generalized genesis Lagrangian,   amplification of tensor perturbations does not occur as opposed to   what happens in quasi-de Sitter inflation.  We show that the   spectral index of curvature perturbations is determined solely from   the parameter α and does not depend on the other details of   the model.  In contrast to the original model, a nearly   scale-invariant spectrum of curvature perturbations is obtained for   a specific choice of α.</subfield>
  </datafield>
  <datafield tag="540" ind1=" " ind2=" ">
    <subfield code="a">CC-BY-3.0</subfield>
    <subfield code="u">http://creativecommons.org/licenses/by/3.0/</subfield>
  </datafield>
  <datafield tag="542" ind1=" " ind2=" ">
    <subfield code="f"></subfield>
  </datafield>
  <datafield tag="591" ind1=" " ind2=" ">
    <subfield code="a">CC:1</subfield>
  </datafield>
  <datafield tag="591" ind1=" " ind2=" ">
    <subfield code="a">Authors:1</subfield>
  </datafield>
  <datafield tag="591" ind1=" " ind2=" ">
    <subfield code="a">SCOAP3:1</subfield>
  </datafield>
  <datafield tag="591" ind1=" " ind2=" ">
    <subfield code="a">Category:1</subfield>
  </datafield>
  <datafield tag="653" ind1="1" ind2=" ">
    <subfield code="a">cosmological perturbation theory</subfield>
    <subfield code="9">author</subfield>
  </datafield>
  <datafield tag="653" ind1="1" ind2=" ">
    <subfield code="a">alternatives to inflation</subfield>
    <subfield code="9">author</subfield>
  </datafield>
  <datafield tag="653" ind1="1" ind2=" ">
    <subfield code="a">modified gravity</subfield>
    <subfield code="9">author</subfield>
  </datafield>
  <datafield tag="700" ind1=" " ind2=" ">
    <subfield code="a">Kobayashi, Tsutomu</subfield>
    <subfield code="v">Department of Physics, Rikkyo University,   Toshima, Tokyo 175-8501, Japan</subfield>
    <subfield code="w">Japan</subfield>
  </datafield>
  <datafield tag="773" ind1=" " ind2=" ">
    <subfield code="p">JCAP</subfield>
    <subfield code="v">1503</subfield>
    <subfield code="n">03</subfield>
    <subfield code="c">057</subfield>
    <subfield code="y">2015</subfield>
  </datafield>
  <datafield tag="856" ind1="4" ind2=" ">
    <subfield code="s">428877</subfield>
    <subfield code="u">http://repo.scoap3.org/record/9786/files/fulltext.pdf</subfield>
  </datafield>
  <datafield tag="856" ind1="4" ind2=" ">
    <subfield code="s">56480</subfield>
    <subfield code="u">http://repo.scoap3.org/record/9786/files/fulltext.xml</subfield>
  </datafield>
  <datafield tag="909" ind1="C" ind2="O">
    <subfield code="o">oai:repo.scoap3.org:9786</subfield>
    <subfield code="p">GLOBAL_SET</subfield>
    <subfield code="p">JOURNAL_OF_COSMOLOGY_AND_ASTROPARTICLE_PHYSICS</subfield>
  </datafield>
  <datafield tag="980" ind1=" " ind2=" ">
    <subfield code="a">SCOAP3</subfield>
    <subfield code="b">IOP</subfield>
  </datafield>
</record>