
<record>
  <controlfield tag="001">9748</controlfield>
  <controlfield tag="005">20151125161529.0</controlfield>
  <datafield tag="022" ind1=" " ind2=" ">
    <subfield code="a">1475-7516</subfield>
  </datafield>
  <datafield tag="024" ind1="7" ind2=" ">
    <subfield code="a">10.1088/1475-7516/2015/03/052</subfield>
    <subfield code="2">DOI</subfield>
    <subfield code="t">2015-04-02T09:14:09Z</subfield>
  </datafield>
  <datafield tag="035" ind1=" " ind2=" ">
    <subfield code="a">1323438</subfield>
    <subfield code="9">INSPIRE</subfield>
  </datafield>
  <datafield tag="037" ind1=" " ind2=" ">
    <subfield code="a">arXiv:1410.6436</subfield>
    <subfield code="9">arXiv</subfield>
  </datafield>
  <datafield tag="100" ind1=" " ind2=" ">
    <subfield code="a">Ren, Jing</subfield>
    <subfield code="v">Institute of Modern Physics and Center for High Energy Physics,   Tsinghua University, Beijing 100084, China</subfield>
    <subfield code="v">Department of Physics, University of Toronto,                   Toronto ON M5S1A7,  Canada</subfield>
    <subfield code="w">Canada</subfield>
    <subfield code="w">China</subfield>
  </datafield>
  <datafield tag="245" ind1=" " ind2=" ">
    <subfield code="a">
Probing gravitational dark matter</subfield>
  </datafield>
  <datafield tag="260" ind1=" " ind2=" ">
    <subfield code="c">2015-03-01</subfield>
    <subfield code="b">Institute of Physics Publishing/SISSA</subfield>
  </datafield>
  <datafield tag="520" ind1=" " ind2=" ">
    <subfield code="a">So far all evidences of dark matter (DM) come from   astrophysical and cosmological observations, due to the   gravitational interactions of DM. It is possible that the true DM   particle in the universe joins gravitational interactions only, but   nothing else. Such a Gravitational DM (GDM) may act as a weakly   interacting massive particle (WIMP), which is conceptually simple   and attractive.  In this work, we explore this direction by   constructing the simplest scalar GDM particle χs.  It   is a ℤ2 odd singlet under the standard model (SM)   gauge group, and naturally joins the unique dimension-4 interaction   with Ricci curvature, ξsχs2ℛ,  where   ξs is the dimensionless nonminimal coupling. We   demonstrate that this gravitational interaction ξsχs2ℛ,  together with Higgs-curvature nonminimal coupling term   ξhH†Hℛ, induces effective couplings   between χs2 and SM fields, and can account for the observed DM   thermal relic abundance. We analyze the annihilation cross sections   of GDM particles and derive the viable parameter space for realizing   the DM thermal relic density. We further study the direct/indirect   detections and the collider signatures of such a scalar GDM. These   turn out to be highly predictive and testable.</subfield>
  </datafield>
  <datafield tag="540" ind1=" " ind2=" ">
    <subfield code="a">CC-BY-3.0</subfield>
    <subfield code="u">http://creativecommons.org/licenses/by/3.0/</subfield>
  </datafield>
  <datafield tag="542" ind1=" " ind2=" ">
    <subfield code="f"></subfield>
  </datafield>
  <datafield tag="591" ind1=" " ind2=" ">
    <subfield code="a">CC:1</subfield>
  </datafield>
  <datafield tag="591" ind1=" " ind2=" ">
    <subfield code="a">Authors:1</subfield>
  </datafield>
  <datafield tag="591" ind1=" " ind2=" ">
    <subfield code="a">SCOAP3:1</subfield>
  </datafield>
  <datafield tag="591" ind1=" " ind2=" ">
    <subfield code="a">Category:1</subfield>
  </datafield>
  <datafield tag="653" ind1="1" ind2=" ">
    <subfield code="a">quantum gravity phenomenology</subfield>
    <subfield code="9">author</subfield>
  </datafield>
  <datafield tag="653" ind1="1" ind2=" ">
    <subfield code="a">dark matter theory</subfield>
    <subfield code="9">author</subfield>
  </datafield>
  <datafield tag="700" ind1=" " ind2=" ">
    <subfield code="a">He, Hong-Jian</subfield>
    <subfield code="v">Institute of Modern Physics and Center for High Energy Physics,   Tsinghua University, Beijing 100084, China</subfield>
    <subfield code="v">Center for High Energy Physics, Peking University,  Beijing 100871, China</subfield>
    <subfield code="v">Kavli Institute for Theoretical Physics China, CAS,  Beijing 100190, China</subfield>
    <subfield code="w">China</subfield>
  </datafield>
  <datafield tag="773" ind1=" " ind2=" ">
    <subfield code="p">JCAP</subfield>
    <subfield code="v">1503</subfield>
    <subfield code="n">03</subfield>
    <subfield code="c">052</subfield>
    <subfield code="y">2015</subfield>
  </datafield>
  <datafield tag="856" ind1="4" ind2=" ">
    <subfield code="s">106239</subfield>
    <subfield code="u">http://repo.scoap3.org/record/9748/files/fulltext.xml</subfield>
  </datafield>
  <datafield tag="856" ind1="4" ind2=" ">
    <subfield code="s">1211263</subfield>
    <subfield code="u">http://repo.scoap3.org/record/9748/files/fulltext.pdf</subfield>
  </datafield>
  <datafield tag="909" ind1="C" ind2="O">
    <subfield code="o">oai:repo.scoap3.org:9748</subfield>
    <subfield code="p">GLOBAL_SET</subfield>
    <subfield code="p">PR China</subfield>
    <subfield code="p">JOURNAL_OF_COSMOLOGY_AND_ASTROPARTICLE_PHYSICS</subfield>
    <subfield code="p">PR_China</subfield>
  </datafield>
  <datafield tag="980" ind1=" " ind2=" ">
    <subfield code="a">SCOAP3</subfield>
    <subfield code="b">IOP</subfield>
  </datafield>
</record>