
<record>
  <controlfield tag="001">9694</controlfield>
  <controlfield tag="005">20150408191857.0</controlfield>
  <datafield tag="022" ind1=" " ind2=" ">
    <subfield code="a">1475-7516</subfield>
  </datafield>
  <datafield tag="024" ind1="7" ind2=" ">
    <subfield code="a">10.1088/1475-7516/2015/03/043</subfield>
    <subfield code="2">DOI</subfield>
    <subfield code="t">2015-04-02T09:14:09Z</subfield>
  </datafield>
  <datafield tag="035" ind1=" " ind2=" ">
    <subfield code="a">1321672</subfield>
    <subfield code="9">INSPIRE</subfield>
  </datafield>
  <datafield tag="037" ind1=" " ind2=" ">
    <subfield code="a">arXiv:1410.2897</subfield>
    <subfield code="9">arXiv</subfield>
  </datafield>
  <datafield tag="100" ind1=" " ind2=" ">
    <subfield code="a">Alexandrov, Sergei</subfield>
    <subfield code="v">Laboratoire Charles Coulomb UMR 5221, Université Montpellier 2,  Place Eugène Bataillon, F-34095, Montpellier, France</subfield>
    <subfield code="v">Laboratoire Charles Coulomb UMR 5221, CNRS,  Place Eugène Bataillon, F-34095, Montpellier, France</subfield>
    <subfield code="w">France</subfield>
  </datafield>
  <datafield tag="245" ind1=" " ind2=" ">
    <subfield code="a">
On partially massless theory in 3 dimensions</subfield>
  </datafield>
  <datafield tag="260" ind1=" " ind2=" ">
    <subfield code="c">2015-03-01</subfield>
    <subfield code="b">Institute of Physics Publishing/SISSA</subfield>
  </datafield>
  <datafield tag="520" ind1=" " ind2=" ">
    <subfield code="a">We analyze the first-order formulation of the ghost-free bigravity model in three-dimensions known as zwei-dreibein gravity. For a special choice of parameters, it was argued to have an additional gauge symmetry and give rise to a partially massless theory. We provide a thorough canonical analysis and identify that whether the theory becomes partially massless depends on the form of the stability condition of the secondary constraint responsible for the absence of the ghost. Generically, it is found to be an equation for a Lagrange multiplier implying that partially massless zwei-dreibein gravity does not exist.  However, for special backgrounds this condition is identically satisfied leading to the presence of additional symmetries, which however disappear at quadratic order in perturbations.</subfield>
  </datafield>
  <datafield tag="540" ind1=" " ind2=" ">
    <subfield code="a">CC-BY-3.0</subfield>
    <subfield code="u">http://creativecommons.org/licenses/by/3.0/</subfield>
  </datafield>
  <datafield tag="542" ind1=" " ind2=" ">
    <subfield code="f"></subfield>
  </datafield>
  <datafield tag="591" ind1=" " ind2=" ">
    <subfield code="a">CC:1</subfield>
  </datafield>
  <datafield tag="591" ind1=" " ind2=" ">
    <subfield code="a">Authors:1</subfield>
  </datafield>
  <datafield tag="591" ind1=" " ind2=" ">
    <subfield code="a">SCOAP3:1</subfield>
  </datafield>
  <datafield tag="591" ind1=" " ind2=" ">
    <subfield code="a">Category:1</subfield>
  </datafield>
  <datafield tag="653" ind1="1" ind2=" ">
    <subfield code="a">modified gravity</subfield>
    <subfield code="9">author</subfield>
  </datafield>
  <datafield tag="653" ind1="1" ind2=" ">
    <subfield code="a">quantum field theory on curved space</subfield>
    <subfield code="9">author</subfield>
  </datafield>
  <datafield tag="700" ind1=" " ind2=" ">
    <subfield code="a">Deffayet, Cédric</subfield>
    <subfield code="v">Institut d'Astrophysique de Paris-UMR7095 (GReCO),  Université Pierre et Marie Curie and CNRS, 98bis boulevard Arago, F-75014 Paris, France</subfield>
    <subfield code="v">IHÉS, Le Bois-Marie,  35 route de Chartres, F-91440 Bures-sur-Yvette, France</subfield>
    <subfield code="w">France</subfield>
  </datafield>
  <datafield tag="773" ind1=" " ind2=" ">
    <subfield code="p">JCAP</subfield>
    <subfield code="v">1503</subfield>
    <subfield code="n">03</subfield>
    <subfield code="c">043</subfield>
    <subfield code="y">2015</subfield>
  </datafield>
  <datafield tag="856" ind1="4" ind2=" ">
    <subfield code="s">358152</subfield>
    <subfield code="u">http://repo.scoap3.org/record/9694/files/fulltext.pdf</subfield>
  </datafield>
  <datafield tag="856" ind1="4" ind2=" ">
    <subfield code="s">69103</subfield>
    <subfield code="u">http://repo.scoap3.org/record/9694/files/fulltext.xml</subfield>
  </datafield>
  <datafield tag="909" ind1="C" ind2="O">
    <subfield code="o">oai:repo.scoap3.org:9694</subfield>
    <subfield code="p">GLOBAL_SET</subfield>
    <subfield code="p">JOURNAL_OF_COSMOLOGY_AND_ASTROPARTICLE_PHYSICS</subfield>
  </datafield>
  <datafield tag="980" ind1=" " ind2=" ">
    <subfield code="a">SCOAP3</subfield>
    <subfield code="b">IOP</subfield>
  </datafield>
</record>