
<record>
  <controlfield tag="001">9621</controlfield>
  <controlfield tag="005">20150408191852.0</controlfield>
  <datafield tag="022" ind1=" " ind2=" ">
    <subfield code="a">1475-7516</subfield>
  </datafield>
  <datafield tag="024" ind1="7" ind2=" ">
    <subfield code="a">10.1088/1475-7516/2015/03/032</subfield>
    <subfield code="2">DOI</subfield>
    <subfield code="t">2015-03-20T02:54:54Z</subfield>
  </datafield>
  <datafield tag="035" ind1=" " ind2=" ">
    <subfield code="a">1335095</subfield>
    <subfield code="9">INSPIRE</subfield>
  </datafield>
  <datafield tag="037" ind1=" " ind2=" ">
    <subfield code="a">arXiv:1412.6220</subfield>
    <subfield code="9">arXiv</subfield>
  </datafield>
  <datafield tag="100" ind1=" " ind2=" ">
    <subfield code="a">Li, Tai</subfield>
    <subfield code="v">State Key Laboratory of Theoretical Physics,  Beijing, 100190, P.R. China</subfield>
    <subfield code="v">Kavli Institute for Theoretical Physics China,  Beijing, 100190, P.R. China</subfield>
    <subfield code="v">Institute of  Theoretical Physics, Chinese Academy of Sciences,  Beijing, 100190, P.R. China</subfield>
    <subfield code="w">China</subfield>
  </datafield>
  <datafield tag="245" ind1=" " ind2=" ">
    <subfield code="a">
Light mediators in dark matter direct detections</subfield>
  </datafield>
  <datafield tag="260" ind1=" " ind2=" ">
    <subfield code="c">2015-03-01</subfield>
    <subfield code="b">Institute of Physics Publishing/SISSA</subfield>
  </datafield>
  <datafield tag="520" ind1=" " ind2=" ">
    <subfield code="a">In an extended effective operator framework, we investigate in detail the effects of light mediators on the event spectra of dark matter (DM)-nucleus scatterings. The presence of light mediators changes the interpretation of the current experimental data, especially the determination of DM particle mass. We show by analytic and numerical illustrations that in general for all the  operators relevant to spin-independent scatterings, the  DM particle mass allowed by a given set of experimental data increases significantly when the mediator particle becomes lighter. For instance, in the case of CDMS-II-Si experiment, the allowed DM particle mass  can reach ∼ 50 (100)  GeV  at  68% (90%) confidence level, which is much larger than 0∼ 1 GeV in the case with contact interactions. The increase of DM particle mass saturates  when the mediator mass is below 𝒪(10) MeV . The upper limits from other experiments such as SuperCDMS, CDMSlite, CDEX, XENON10/100, LUX, PandaX etc. all tend  to be weaker toward high DM mass regions. In a combined analysis, we show that the presence of  light mediators can partially relax the tension in the current results of  CDMS-II-Si, SuperCDMS and LUX.</subfield>
  </datafield>
  <datafield tag="540" ind1=" " ind2=" ">
    <subfield code="a">CC-BY-3.0</subfield>
    <subfield code="u">http://creativecommons.org/licenses/by/3.0/</subfield>
  </datafield>
  <datafield tag="542" ind1=" " ind2=" ">
    <subfield code="f"></subfield>
  </datafield>
  <datafield tag="591" ind1=" " ind2=" ">
    <subfield code="a">CC:1</subfield>
  </datafield>
  <datafield tag="591" ind1=" " ind2=" ">
    <subfield code="a">Authors:1</subfield>
  </datafield>
  <datafield tag="591" ind1=" " ind2=" ">
    <subfield code="a">SCOAP3:1</subfield>
  </datafield>
  <datafield tag="591" ind1=" " ind2=" ">
    <subfield code="a">Category:1</subfield>
  </datafield>
  <datafield tag="653" ind1="1" ind2=" ">
    <subfield code="a">dark matter experiments</subfield>
    <subfield code="9">author</subfield>
  </datafield>
  <datafield tag="653" ind1="1" ind2=" ">
    <subfield code="a">dark matter theory</subfield>
    <subfield code="9">author</subfield>
  </datafield>
  <datafield tag="700" ind1=" " ind2=" ">
    <subfield code="a">Miao, Sen</subfield>
    <subfield code="v">State Key Laboratory of Theoretical Physics,  Beijing, 100190, P.R. China</subfield>
    <subfield code="v">Kavli Institute for Theoretical Physics China,  Beijing, 100190, P.R. China</subfield>
    <subfield code="v">Institute of  Theoretical Physics, Chinese Academy of Sciences,  Beijing, 100190, P.R. China</subfield>
    <subfield code="w">China</subfield>
  </datafield>
  <datafield tag="700" ind1=" " ind2=" ">
    <subfield code="a">Zhou, Yu-Feng</subfield>
    <subfield code="v">State Key Laboratory of Theoretical Physics,  Beijing, 100190, P.R. China</subfield>
    <subfield code="v">Kavli Institute for Theoretical Physics China,  Beijing, 100190, P.R. China</subfield>
    <subfield code="v">Institute of  Theoretical Physics, Chinese Academy of Sciences,  Beijing, 100190, P.R. China</subfield>
    <subfield code="w">China</subfield>
  </datafield>
  <datafield tag="773" ind1=" " ind2=" ">
    <subfield code="p">JCAP</subfield>
    <subfield code="v">1503</subfield>
    <subfield code="n">03</subfield>
    <subfield code="c">032</subfield>
    <subfield code="y">2015</subfield>
  </datafield>
  <datafield tag="856" ind1="4" ind2=" ">
    <subfield code="s">75347</subfield>
    <subfield code="u">http://repo.scoap3.org/record/9621/files/fulltext.xml</subfield>
  </datafield>
  <datafield tag="856" ind1="4" ind2=" ">
    <subfield code="s">795859</subfield>
    <subfield code="u">http://repo.scoap3.org/record/9621/files/fulltext.pdf</subfield>
  </datafield>
  <datafield tag="909" ind1="C" ind2="O">
    <subfield code="o">oai:repo.scoap3.org:9621</subfield>
    <subfield code="p">GLOBAL_SET</subfield>
    <subfield code="p">PR China</subfield>
    <subfield code="p">JOURNAL_OF_COSMOLOGY_AND_ASTROPARTICLE_PHYSICS</subfield>
    <subfield code="p">PR_China</subfield>
  </datafield>
  <datafield tag="980" ind1=" " ind2=" ">
    <subfield code="a">SCOAP3</subfield>
    <subfield code="b">IOP</subfield>
  </datafield>
</record>