
<record>
  <controlfield tag="001">9598</controlfield>
  <controlfield tag="005">20150408191851.0</controlfield>
  <datafield tag="022" ind1=" " ind2=" ">
    <subfield code="a">1475-7516</subfield>
  </datafield>
  <datafield tag="024" ind1="7" ind2=" ">
    <subfield code="a">10.1088/1475-7516/2015/03/029</subfield>
    <subfield code="2">DOI</subfield>
    <subfield code="t">2015-03-19T10:15:25Z</subfield>
  </datafield>
  <datafield tag="035" ind1=" " ind2=" ">
    <subfield code="a">1329611</subfield>
    <subfield code="9">INSPIRE</subfield>
  </datafield>
  <datafield tag="037" ind1=" " ind2=" ">
    <subfield code="a">arXiv:1411.6010</subfield>
    <subfield code="9">arXiv</subfield>
  </datafield>
  <datafield tag="100" ind1=" " ind2=" ">
    <subfield code="a">Broy, Benedict J.</subfield>
    <subfield code="v">Deutsches Elektronen-Synchrotron DESY, Theory Group,   Hamburg, 22603 Germany</subfield>
    <subfield code="w">Germany</subfield>
  </datafield>
  <datafield tag="245" ind1=" " ind2=" ">
    <subfield code="a">
 Disentangling the f(R)-duality</subfield>
  </datafield>
  <datafield tag="260" ind1=" " ind2=" ">
    <subfield code="c">2015-03-01</subfield>
    <subfield code="b">Institute of Physics Publishing/SISSA</subfield>
  </datafield>
  <datafield tag="520" ind1=" " ind2=" ">
    <subfield code="a">Motivated by UV realisations of Starobinsky-like inflation models, we study generic exponential plateau-like potentials to understand whether an exact f(R)-formulation may still be obtained when the asymptotic shift-symmetry of the potential is broken for larger field values. Potentials which break the shift symmetry with rising exponentials at large field values only allow for corresponding f(R)-descriptions with a leading order term Rn with 1&lt;n&lt;2, regardless of whether the duality is exact or approximate. The R2-term survives as part of a series expansion of the function f(R) and thus cannot maintain a plateau for all field values. We further find a lean and instructive way to obtain a function f(R) describing m2ϕ2-inflation which breaks the shift symmetry with a monomial, and corresponds to effectively logarithmic corrections to an R+R2 model. These examples emphasise that higher order terms in f(R)-theory may not be neglected if they are present at all. Additionally, we relate the function f(R) corresponding to chaotic inflation to a more general Jordan frame set-up. In addition, we consider f(R)-duals of two given UV examples, both from supergravity and string theory. Finally, we outline the CMB phenomenology of these models which show effects of power suppression at low-ℓ.</subfield>
  </datafield>
  <datafield tag="540" ind1=" " ind2=" ">
    <subfield code="a">CC-BY-3.0</subfield>
    <subfield code="u">http://creativecommons.org/licenses/by/3.0/</subfield>
  </datafield>
  <datafield tag="542" ind1=" " ind2=" ">
    <subfield code="f"></subfield>
  </datafield>
  <datafield tag="591" ind1=" " ind2=" ">
    <subfield code="a">CC:1</subfield>
  </datafield>
  <datafield tag="591" ind1=" " ind2=" ">
    <subfield code="a">Authors:1</subfield>
  </datafield>
  <datafield tag="591" ind1=" " ind2=" ">
    <subfield code="a">SCOAP3:1</subfield>
  </datafield>
  <datafield tag="591" ind1=" " ind2=" ">
    <subfield code="a">Category:1</subfield>
  </datafield>
  <datafield tag="653" ind1="1" ind2=" ">
    <subfield code="a">inflation</subfield>
    <subfield code="9">author</subfield>
  </datafield>
  <datafield tag="653" ind1="1" ind2=" ">
    <subfield code="a">modified gravity</subfield>
    <subfield code="9">author</subfield>
  </datafield>
  <datafield tag="700" ind1=" " ind2=" ">
    <subfield code="a">Pedro, Francisco G.</subfield>
    <subfield code="v">Departamento de Física Teórica and Instituto de Física Teórica  UAM-CSIC,  Universidad Autónoma de Madrid, Cantoblanco,  Madrid, 28049 Spain</subfield>
    <subfield code="w">Spain</subfield>
  </datafield>
  <datafield tag="700" ind1=" " ind2=" ">
    <subfield code="a">Westphal, Alexander</subfield>
    <subfield code="v">Deutsches Elektronen-Synchrotron DESY, Theory Group,   Hamburg, 22603 Germany</subfield>
    <subfield code="w">Germany</subfield>
  </datafield>
  <datafield tag="773" ind1=" " ind2=" ">
    <subfield code="p">JCAP</subfield>
    <subfield code="v">1503</subfield>
    <subfield code="n">03</subfield>
    <subfield code="c">029</subfield>
    <subfield code="y">2015</subfield>
  </datafield>
  <datafield tag="856" ind1="4" ind2=" ">
    <subfield code="s">613105</subfield>
    <subfield code="u">http://repo.scoap3.org/record/9598/files/fulltext.pdf</subfield>
  </datafield>
  <datafield tag="856" ind1="4" ind2=" ">
    <subfield code="s">72672</subfield>
    <subfield code="u">http://repo.scoap3.org/record/9598/files/fulltext.xml</subfield>
  </datafield>
  <datafield tag="909" ind1="C" ind2="O">
    <subfield code="o">oai:repo.scoap3.org:9598</subfield>
    <subfield code="p">GLOBAL_SET</subfield>
    <subfield code="p">JOURNAL_OF_COSMOLOGY_AND_ASTROPARTICLE_PHYSICS</subfield>
  </datafield>
  <datafield tag="980" ind1=" " ind2=" ">
    <subfield code="a">SCOAP3</subfield>
    <subfield code="b">IOP</subfield>
  </datafield>
</record>