
<record>
  <controlfield tag="001">9533</controlfield>
  <controlfield tag="005">20151125161259.0</controlfield>
  <datafield tag="022" ind1=" " ind2=" ">
    <subfield code="a">1475-7516</subfield>
  </datafield>
  <datafield tag="024" ind1="7" ind2=" ">
    <subfield code="a">10.1088/1475-7516/2015/03/018</subfield>
    <subfield code="2">DOI</subfield>
    <subfield code="t">2015-03-19T10:15:25Z</subfield>
  </datafield>
  <datafield tag="035" ind1=" " ind2=" ">
    <subfield code="a">1327493</subfield>
    <subfield code="9">INSPIRE</subfield>
  </datafield>
  <datafield tag="037" ind1=" " ind2=" ">
    <subfield code="a">arXiv:1411.2985</subfield>
    <subfield code="9">arXiv</subfield>
  </datafield>
  <datafield tag="100" ind1=" " ind2=" ">
    <subfield code="a">Arcadi, Giorgio</subfield>
    <subfield code="v">Laboratoire de Physique Théorique  Université Paris-Sud,  F-91405 Orsay, France</subfield>
    <subfield code="v">Institute for Theoretical Physics, Georg-August University Göttingen,   Friedrich-Hund-Platz 1, Göttingen, D-37077 Germany</subfield>
    <subfield code="w">Germany</subfield>
    <subfield code="w">France</subfield>
  </datafield>
  <datafield tag="245" ind1=" " ind2=" ">
    <subfield code="a">
Z-portal dark matter</subfield>
  </datafield>
  <datafield tag="260" ind1=" " ind2=" ">
    <subfield code="c">2015-03-01</subfield>
    <subfield code="b">Institute of Physics Publishing/SISSA</subfield>
  </datafield>
  <datafield tag="520" ind1=" " ind2=" ">
    <subfield code="a">We propose to generalize the extensions of the Standard   Model where the Z boson serves as a mediator between the Standard   Model sector and the dark sector χ. We show that, like in the   Higgs portal case, the combined constraints from the recent direct   searches restrict severely the nature of the coupling of the dark   matter to the Z boson and set a limit mχ ≳ 200 GeV   (except in a very narrow region around the Z-pole region).  Using   complementarity between spin dependent, spin independent and FERMI   limits, we predict the nature of this coupling, more specifically   the axial/vectorial ratio that respects a thermal dark matter   coupled through a Z-portal while not being excluded by the current   observations.  We also show that the next generation of experiments   of the type LZ or XENON1T will test Z-portal scenario for dark   matter mass up to 2 TeV . The condition of a thermal dark matter   naturally predicts the spin-dependent scattering cross section on   the neutron to be σSDχn ≃ 10−40 cm2,   which then becomes a clear prediction of the model and a signature   testable in the near future experiments.</subfield>
  </datafield>
  <datafield tag="540" ind1=" " ind2=" ">
    <subfield code="a">CC-BY-3.0</subfield>
    <subfield code="u">http://creativecommons.org/licenses/by/3.0/</subfield>
  </datafield>
  <datafield tag="542" ind1=" " ind2=" ">
    <subfield code="f"></subfield>
  </datafield>
  <datafield tag="591" ind1=" " ind2=" ">
    <subfield code="a">CC:1</subfield>
  </datafield>
  <datafield tag="591" ind1=" " ind2=" ">
    <subfield code="a">Authors:1</subfield>
  </datafield>
  <datafield tag="591" ind1=" " ind2=" ">
    <subfield code="a">SCOAP3:1</subfield>
  </datafield>
  <datafield tag="591" ind1=" " ind2=" ">
    <subfield code="a">Category:1</subfield>
  </datafield>
  <datafield tag="653" ind1="1" ind2=" ">
    <subfield code="a">dark matter experiments</subfield>
    <subfield code="9">author</subfield>
  </datafield>
  <datafield tag="653" ind1="1" ind2=" ">
    <subfield code="a">dark matter theory</subfield>
    <subfield code="9">author</subfield>
  </datafield>
  <datafield tag="700" ind1=" " ind2=" ">
    <subfield code="a">Mambrini, Yann</subfield>
    <subfield code="v">Laboratoire de Physique Théorique  Université Paris-Sud,  F-91405 Orsay, France</subfield>
    <subfield code="w">France</subfield>
  </datafield>
  <datafield tag="700" ind1=" " ind2=" ">
    <subfield code="a">Richard, Francois</subfield>
    <subfield code="v">Laboratoire de l'Accélérateur Linéaire,   IN2P3/CNRS and Université Paris-Sud 11 Centre Scientifique d'Orsay,  B. P. 34, F-91898 Orsay Cedex, France</subfield>
    <subfield code="w">France</subfield>
  </datafield>
  <datafield tag="773" ind1=" " ind2=" ">
    <subfield code="p">JCAP</subfield>
    <subfield code="v">1503</subfield>
    <subfield code="n">03</subfield>
    <subfield code="c">018</subfield>
    <subfield code="y">2015</subfield>
  </datafield>
  <datafield tag="856" ind1="4" ind2=" ">
    <subfield code="s">1014152</subfield>
    <subfield code="u">http://repo.scoap3.org/record/9533/files/fulltext.pdf</subfield>
  </datafield>
  <datafield tag="856" ind1="4" ind2=" ">
    <subfield code="s">85047</subfield>
    <subfield code="u">http://repo.scoap3.org/record/9533/files/fulltext.xml</subfield>
  </datafield>
  <datafield tag="909" ind1="C" ind2="O">
    <subfield code="o">oai:repo.scoap3.org:9533</subfield>
    <subfield code="p">GLOBAL_SET</subfield>
    <subfield code="p">JOURNAL_OF_COSMOLOGY_AND_ASTROPARTICLE_PHYSICS</subfield>
  </datafield>
  <datafield tag="980" ind1=" " ind2=" ">
    <subfield code="a">SCOAP3</subfield>
    <subfield code="b">IOP</subfield>
  </datafield>
</record>