
<record>
  <controlfield tag="001">9513</controlfield>
  <controlfield tag="005">20150408191844.0</controlfield>
  <datafield tag="022" ind1=" " ind2=" ">
    <subfield code="a">1475-7516</subfield>
  </datafield>
  <datafield tag="024" ind1="7" ind2=" ">
    <subfield code="a">10.1088/1475-7516/2015/03/014</subfield>
    <subfield code="2">DOI</subfield>
    <subfield code="t">2015-03-12T02:05:51Z</subfield>
  </datafield>
  <datafield tag="035" ind1=" " ind2=" ">
    <subfield code="a">1323307</subfield>
    <subfield code="9">INSPIRE</subfield>
  </datafield>
  <datafield tag="037" ind1=" " ind2=" ">
    <subfield code="a">arXiv:1410.5911</subfield>
    <subfield code="9">arXiv</subfield>
  </datafield>
  <datafield tag="100" ind1=" " ind2=" ">
    <subfield code="a">Xie, Qun-Ying</subfield>
    <subfield code="v">School of Information Science and Engineering, Lanzhou University,  Lanzhou 730000, People's Republic of China</subfield>
    <subfield code="v">Institute of Theoretical Physics, Lanzhou University,  Lanzhou 730000, People's Republic of China</subfield>
    <subfield code="w">China</subfield>
  </datafield>
  <datafield tag="245" ind1=" " ind2=" ">
    <subfield code="a">
Localization and mass spectra of various matter fields on scalar-tensor brane</subfield>
  </datafield>
  <datafield tag="260" ind1=" " ind2=" ">
    <subfield code="c">2015-03-01</subfield>
    <subfield code="b">Institute of Physics Publishing/SISSA</subfield>
  </datafield>
  <datafield tag="520" ind1=" " ind2=" ">
    <subfield code="a"> Recently, a new scalar-tensor braneworld model was presented   in [Phys. Rev. D 86 (2012) 127502]. It not only solves the   gauge hierarchy problem but also reproduces a correct Friedmann-like   equation on the brane.  In this new model, there are two different   brane solutions, for which the mass spectra of gravity on the brane   are the same.  In this paper, we investigate localization and mass   spectra of various bulk matter fields (i.e., scalar, vector,   Kalb-Ramond, and fermion fields) on the brane. It is shown that the   zero modes of all the matter fields can be localized on the positive   tension brane under some conditions, and the mass spectra of each   kind of bulk matter field for the two brane solutions are different   except for some special cases, which implies that the two brane   solutions are not physically equivalent. When the coupling constants   between the dilaton and bulk matter fields take special values, the   mass spectra for both solutions are the same, and the scalar and   vector zero modes are localized on the negative tension brane, while   the KR zero mode is still localized on the positive tension brane.</subfield>
  </datafield>
  <datafield tag="540" ind1=" " ind2=" ">
    <subfield code="a">CC-BY-3.0</subfield>
    <subfield code="u">http://creativecommons.org/licenses/by/3.0/</subfield>
  </datafield>
  <datafield tag="542" ind1=" " ind2=" ">
    <subfield code="f"></subfield>
  </datafield>
  <datafield tag="591" ind1=" " ind2=" ">
    <subfield code="a">CC:1</subfield>
  </datafield>
  <datafield tag="591" ind1=" " ind2=" ">
    <subfield code="a">Authors:1</subfield>
  </datafield>
  <datafield tag="591" ind1=" " ind2=" ">
    <subfield code="a">SCOAP3:1</subfield>
  </datafield>
  <datafield tag="591" ind1=" " ind2=" ">
    <subfield code="a">Category:1</subfield>
  </datafield>
  <datafield tag="653" ind1="1" ind2=" ">
    <subfield code="a">extra dimensions</subfield>
    <subfield code="9">author</subfield>
  </datafield>
  <datafield tag="653" ind1="1" ind2=" ">
    <subfield code="a">modified gravity</subfield>
    <subfield code="9">author</subfield>
  </datafield>
  <datafield tag="653" ind1="1" ind2=" ">
    <subfield code="a">particle physics - cosmology connection</subfield>
    <subfield code="9">author</subfield>
  </datafield>
  <datafield tag="700" ind1=" " ind2=" ">
    <subfield code="a">Zhao, Zhen-Hua</subfield>
    <subfield code="v">Department of Applied Physics, Shandong University of Science and Technology,  Qingdao 266590, People's Republic of China</subfield>
    <subfield code="w">China</subfield>
  </datafield>
  <datafield tag="700" ind1=" " ind2=" ">
    <subfield code="a">Zhong, Yi</subfield>
    <subfield code="v">Institute of Theoretical Physics, Lanzhou University,  Lanzhou 730000, People's Republic of China</subfield>
    <subfield code="w">China</subfield>
  </datafield>
  <datafield tag="700" ind1=" " ind2=" ">
    <subfield code="a">Yang, Jie</subfield>
    <subfield code="v">Institute of Theoretical Physics, Lanzhou University,  Lanzhou 730000, People's Republic of China</subfield>
    <subfield code="w">China</subfield>
  </datafield>
  <datafield tag="700" ind1=" " ind2=" ">
    <subfield code="a">Zhou, Xiang-Nan</subfield>
    <subfield code="v">Institute of Theoretical Physics, Lanzhou University,  Lanzhou 730000, People's Republic of China</subfield>
    <subfield code="w">China</subfield>
  </datafield>
  <datafield tag="773" ind1=" " ind2=" ">
    <subfield code="p">JCAP</subfield>
    <subfield code="v">1503</subfield>
    <subfield code="n">03</subfield>
    <subfield code="c">014</subfield>
    <subfield code="y">2015</subfield>
  </datafield>
  <datafield tag="856" ind1="4" ind2=" ">
    <subfield code="s">402305</subfield>
    <subfield code="u">http://repo.scoap3.org/record/9513/files/fulltext.pdf</subfield>
  </datafield>
  <datafield tag="856" ind1="4" ind2=" ">
    <subfield code="s">79480</subfield>
    <subfield code="u">http://repo.scoap3.org/record/9513/files/fulltext.xml</subfield>
  </datafield>
  <datafield tag="909" ind1="C" ind2="O">
    <subfield code="o">oai:repo.scoap3.org:9513</subfield>
    <subfield code="p">GLOBAL_SET</subfield>
    <subfield code="p">PR China</subfield>
    <subfield code="p">JOURNAL_OF_COSMOLOGY_AND_ASTROPARTICLE_PHYSICS</subfield>
    <subfield code="p">PR_China</subfield>
  </datafield>
  <datafield tag="980" ind1=" " ind2=" ">
    <subfield code="a">SCOAP3</subfield>
    <subfield code="b">IOP</subfield>
  </datafield>
</record>