
<record>
  <controlfield tag="001">9512</controlfield>
  <controlfield tag="005">20151125161227.0</controlfield>
  <datafield tag="022" ind1=" " ind2=" ">
    <subfield code="a">1475-7516</subfield>
  </datafield>
  <datafield tag="024" ind1="7" ind2=" ">
    <subfield code="a">10.1088/1475-7516/2015/03/017</subfield>
    <subfield code="2">DOI</subfield>
    <subfield code="t">2015-03-12T02:05:51Z</subfield>
  </datafield>
  <datafield tag="035" ind1=" " ind2=" ">
    <subfield code="a">1333362</subfield>
    <subfield code="9">INSPIRE</subfield>
  </datafield>
  <datafield tag="037" ind1=" " ind2=" ">
    <subfield code="a">arXiv:1412.2790</subfield>
    <subfield code="9">arXiv</subfield>
  </datafield>
  <datafield tag="100" ind1=" " ind2=" ">
    <subfield code="a">Linde, Andrei</subfield>
    <subfield code="v">SITP and Department of Physics, Stanford University,   382 Via Pueblo, Stanford, CA, 94305-4060 U.S.A.</subfield>
    <subfield code="w">USA</subfield>
  </datafield>
  <datafield tag="245" ind1=" " ind2=" ">
    <subfield code="a">
Inflation and dark energy with a single superfield</subfield>
  </datafield>
  <datafield tag="260" ind1=" " ind2=" ">
    <subfield code="c">2015-03-01</subfield>
    <subfield code="b">Institute of Physics Publishing/SISSA</subfield>
  </datafield>
  <datafield tag="520" ind1=" " ind2=" ">
    <subfield code="a">We discuss the possibility to construct supergravity models with a single superfield describing inflation as well as the tiny cosmological constant V ∼ 10−120. One could expect that the simplest way to do it is to study models with a supersymmetric Minkowski vacuum and then slightly uplift them. However, due to the recently proven no-go theorem, such a tiny uplifting cannot be achieved by a small modification of the parameters of the theory. We illustrate this general result by investigation of models with a single chiral superfield recently proposed by Ketov and Terada. We show that the addition of a small constant or a linear term to the superpotential of a model with a stable supersymmetric Minkowski vacuum converts it to an AdS vacuum, which results in a rapid cosmological collapse. One can avoid this problem and uplift a supersymmetric Minkowski vacuum to a dS vacuum with V0∼ 10−120 without violating the no-go theorem by making these extra terms large enough. However, we show that this leads to a strong supersymmetry breaking in the uplifted vacua.</subfield>
  </datafield>
  <datafield tag="540" ind1=" " ind2=" ">
    <subfield code="a">CC-BY-3.0</subfield>
    <subfield code="u">http://creativecommons.org/licenses/by/3.0/</subfield>
  </datafield>
  <datafield tag="542" ind1=" " ind2=" ">
    <subfield code="f"></subfield>
  </datafield>
  <datafield tag="591" ind1=" " ind2=" ">
    <subfield code="a">CC:1</subfield>
  </datafield>
  <datafield tag="591" ind1=" " ind2=" ">
    <subfield code="a">Authors:1</subfield>
  </datafield>
  <datafield tag="591" ind1=" " ind2=" ">
    <subfield code="a">SCOAP3:1</subfield>
  </datafield>
  <datafield tag="591" ind1=" " ind2=" ">
    <subfield code="a">Category:1</subfield>
  </datafield>
  <datafield tag="653" ind1="1" ind2=" ">
    <subfield code="a">dark energy theory</subfield>
    <subfield code="9">author</subfield>
  </datafield>
  <datafield tag="653" ind1="1" ind2=" ">
    <subfield code="a">string theory and cosmology</subfield>
    <subfield code="9">author</subfield>
  </datafield>
  <datafield tag="653" ind1="1" ind2=" ">
    <subfield code="a">inflation</subfield>
    <subfield code="9">author</subfield>
  </datafield>
  <datafield tag="653" ind1="1" ind2=" ">
    <subfield code="a">supersymmetry and cosmology</subfield>
    <subfield code="9">author</subfield>
  </datafield>
  <datafield tag="700" ind1=" " ind2=" ">
    <subfield code="a">Roest, Diederik</subfield>
    <subfield code="v">Van Swinderen Institute for Particle Physics and Gravity, University of Groningen,  Nijenborgh 4, 9747 AG Groningen, The Netherlands</subfield>
    <subfield code="w">Netherlands</subfield>
  </datafield>
  <datafield tag="700" ind1=" " ind2=" ">
    <subfield code="a">Scalisi, Marco</subfield>
    <subfield code="v">SITP and Department of Physics, Stanford University,   382 Via Pueblo, Stanford, CA, 94305-4060 U.S.A.</subfield>
    <subfield code="v">Van Swinderen Institute for Particle Physics and Gravity, University of Groningen,  Nijenborgh 4, 9747 AG Groningen, The Netherlands</subfield>
    <subfield code="w">Netherlands</subfield>
    <subfield code="w">USA</subfield>
  </datafield>
  <datafield tag="773" ind1=" " ind2=" ">
    <subfield code="p">JCAP</subfield>
    <subfield code="v">1503</subfield>
    <subfield code="n">03</subfield>
    <subfield code="c">017</subfield>
    <subfield code="y">2015</subfield>
  </datafield>
  <datafield tag="856" ind1="4" ind2=" ">
    <subfield code="s">1288380</subfield>
    <subfield code="u">http://repo.scoap3.org/record/9512/files/fulltext.pdf</subfield>
  </datafield>
  <datafield tag="856" ind1="4" ind2=" ">
    <subfield code="s">46663</subfield>
    <subfield code="u">http://repo.scoap3.org/record/9512/files/fulltext.xml</subfield>
  </datafield>
  <datafield tag="909" ind1="C" ind2="O">
    <subfield code="o">oai:repo.scoap3.org:9512</subfield>
    <subfield code="p">GLOBAL_SET</subfield>
    <subfield code="p">JOURNAL_OF_COSMOLOGY_AND_ASTROPARTICLE_PHYSICS</subfield>
  </datafield>
  <datafield tag="980" ind1=" " ind2=" ">
    <subfield code="a">SCOAP3</subfield>
    <subfield code="b">IOP</subfield>
  </datafield>
</record>