
<record>
  <controlfield tag="001">9480</controlfield>
  <controlfield tag="005">20151125161223.0</controlfield>
  <datafield tag="022" ind1=" " ind2=" ">
    <subfield code="a">1475-7516</subfield>
  </datafield>
  <datafield tag="024" ind1="7" ind2=" ">
    <subfield code="a">10.1088/1475-7516/2015/03/010</subfield>
    <subfield code="2">DOI</subfield>
    <subfield code="t">2015-03-11T02:04:20Z</subfield>
  </datafield>
  <datafield tag="035" ind1=" " ind2=" ">
    <subfield code="a">1317904</subfield>
    <subfield code="9">INSPIRE</subfield>
  </datafield>
  <datafield tag="037" ind1=" " ind2=" ">
    <subfield code="a">arXiv:1409.5135</subfield>
    <subfield code="9">arXiv</subfield>
  </datafield>
  <datafield tag="100" ind1=" " ind2=" ">
    <subfield code="a">Battefeld, T.</subfield>
    <subfield code="v">Department of Physics, University of Minnesota,  1023 University Dr., Duluth, MN 55812, U.S.A.</subfield>
    <subfield code="v">Institute for Astrophysics, University of Goettingen,  Friedrich Hund Platz 1, D-37077 Goettingen, Germany</subfield>
    <subfield code="w">Germany</subfield>
    <subfield code="w">USA</subfield>
  </datafield>
  <datafield tag="245" ind1=" " ind2=" ">
    <subfield code="a">
Local random potentials of high differentiability to model the Landscape</subfield>
  </datafield>
  <datafield tag="260" ind1=" " ind2=" ">
    <subfield code="c">2015-03-01</subfield>
    <subfield code="b">Institute of Physics Publishing/SISSA</subfield>
  </datafield>
  <datafield tag="520" ind1=" " ind2=" ">
    <subfield code="a">We generate random functions locally via a novel generalization of Dyson Brownian motion, such that the functions are in a desired differentiability class Ck, while ensuring that the Hessian is a member of the Gaussian orthogonal ensemble (other ensembles might be chosen if desired). Potentials in such higher differentiability classes (k⩾ 2) are required/desirable to model string theoretical landscapes, for instance to compute cosmological perturbations  (e.g.,  k=2 for the power-spectrum) or to search for minima (e.g., suitable de Sitter vacua for our universe). Since potentials are created locally, numerical studies become feasible even if the dimension of field space is large (0D∼ 10). In addition to the theoretical prescription, we provide some numerical examples to highlight properties of such potentials; concrete cosmological applications will be discussed in companion publications. </subfield>
  </datafield>
  <datafield tag="540" ind1=" " ind2=" ">
    <subfield code="a">CC-BY-3.0</subfield>
    <subfield code="u">http://creativecommons.org/licenses/by/3.0/</subfield>
  </datafield>
  <datafield tag="542" ind1=" " ind2=" ">
    <subfield code="f"></subfield>
  </datafield>
  <datafield tag="591" ind1=" " ind2=" ">
    <subfield code="a">CC:1</subfield>
  </datafield>
  <datafield tag="591" ind1=" " ind2=" ">
    <subfield code="a">Authors:1</subfield>
  </datafield>
  <datafield tag="591" ind1=" " ind2=" ">
    <subfield code="a">SCOAP3:1</subfield>
  </datafield>
  <datafield tag="591" ind1=" " ind2=" ">
    <subfield code="a">Category:1</subfield>
  </datafield>
  <datafield tag="653" ind1="1" ind2=" ">
    <subfield code="a">string theory and cosmology</subfield>
    <subfield code="9">author</subfield>
  </datafield>
  <datafield tag="653" ind1="1" ind2=" ">
    <subfield code="a">inflation</subfield>
    <subfield code="9">author</subfield>
  </datafield>
  <datafield tag="653" ind1="1" ind2=" ">
    <subfield code="a">initial conditions and eternal universe</subfield>
    <subfield code="9">author</subfield>
  </datafield>
  <datafield tag="700" ind1=" " ind2=" ">
    <subfield code="a">Modi, C.</subfield>
    <subfield code="v">Department of Physics, Indian Institute of Technology-Bombay,  Powai, Mumbai-40076, India</subfield>
    <subfield code="v">Department of Physics, University of California,  LeConte Hall, South Hall Road, Berkeley, CA 94720-7300, U.S.A.</subfield>
    <subfield code="w">India</subfield>
    <subfield code="w">USA</subfield>
  </datafield>
  <datafield tag="773" ind1=" " ind2=" ">
    <subfield code="p">JCAP</subfield>
    <subfield code="v">1503</subfield>
    <subfield code="n">03</subfield>
    <subfield code="c">010</subfield>
    <subfield code="y">2015</subfield>
  </datafield>
  <datafield tag="856" ind1="4" ind2=" ">
    <subfield code="s">786329</subfield>
    <subfield code="u">http://repo.scoap3.org/record/9480/files/fulltext.pdf</subfield>
  </datafield>
  <datafield tag="856" ind1="4" ind2=" ">
    <subfield code="s">90830</subfield>
    <subfield code="u">http://repo.scoap3.org/record/9480/files/fulltext.xml</subfield>
  </datafield>
  <datafield tag="909" ind1="C" ind2="O">
    <subfield code="o">oai:repo.scoap3.org:9480</subfield>
    <subfield code="p">GLOBAL_SET</subfield>
    <subfield code="p">JOURNAL_OF_COSMOLOGY_AND_ASTROPARTICLE_PHYSICS</subfield>
  </datafield>
  <datafield tag="980" ind1=" " ind2=" ">
    <subfield code="a">SCOAP3</subfield>
    <subfield code="b">IOP</subfield>
  </datafield>
</record>