
<record>
  <controlfield tag="001">9207</controlfield>
  <controlfield tag="005">20150408191822.0</controlfield>
  <datafield tag="022" ind1=" " ind2=" ">
    <subfield code="a">1475-7516</subfield>
  </datafield>
  <datafield tag="024" ind1="7" ind2=" ">
    <subfield code="a">10.1088/1475-7516/2015/02/017</subfield>
    <subfield code="2">DOI</subfield>
    <subfield code="t">2015-02-18T17:17:58Z</subfield>
  </datafield>
  <datafield tag="035" ind1=" " ind2=" ">
    <subfield code="a">1312782</subfield>
    <subfield code="9">INSPIRE</subfield>
  </datafield>
  <datafield tag="037" ind1=" " ind2=" ">
    <subfield code="a">arXiv:1408.6521</subfield>
    <subfield code="9">arXiv</subfield>
  </datafield>
  <datafield tag="100" ind1=" " ind2=" ">
    <subfield code="a">Sousa, Kepa</subfield>
    <subfield code="v">Department of Theoretical Physics and History of Science,  University of the Basque Country UPV/EHU,  48080 Bilbao, Spain</subfield>
    <subfield code="w">Spain</subfield>
  </datafield>
  <datafield tag="245" ind1=" " ind2=" ">
    <subfield code="a">
Perturbative stability along the supersymmetric directions of the landscape</subfield>
  </datafield>
  <datafield tag="260" ind1=" " ind2=" ">
    <subfield code="c">2015-02-01</subfield>
    <subfield code="b">Institute of Physics Publishing/SISSA</subfield>
  </datafield>
  <datafield tag="520" ind1=" " ind2=" ">
    <subfield code="a">We consider the perturbative stability of non-supersymmetric   configurations in 𝒩=1 supergravity models with a spectator   sector not involved in supersymmetry breaking.  Motivated by the   supergravity description of complex structure moduli in Large Volume   Compactifications of type IIB-superstrings, we concentrate on models   where the interactions are consistent with the supersymmetric   truncation of the spectator fields, and we describe their couplings   by a random ensemble of generic supergravity theories. We   characterise the mass spectrum of the spectator fields in terms of   the statistical parameters of the ensemble and the geometry of the   scalar manifold. Our results show that the non-generic couplings   between the spectator and the supersymmetry breaking sectors can   stabilise all the tachyons which typically appear in the spectator   sector before including the supersymmetry breaking effects, and we   find large regions of the parameter space where the supersymmetric   sector remains stable with probability close to one.  We discuss   these results about the stability of the supersymmetric sector in   two physically relevant situations: non-supersymmetric Minkowski   vacua, and slow-roll inflation driven by the supersymmetry breaking   sector.  For the class of models we consider, we have reproduced the   regimes in which the KKLT and Large Volume Scenarios stabilise all   supersymmetric moduli. We have also identified a new regime in which   the supersymmetric sector is stabilised at a very robust type of dS   minimum without invoking a large mass hierarchy.  </subfield>
  </datafield>
  <datafield tag="540" ind1=" " ind2=" ">
    <subfield code="a">CC-BY-3.0</subfield>
    <subfield code="u">http://creativecommons.org/licenses/by/3.0/</subfield>
  </datafield>
  <datafield tag="542" ind1=" " ind2=" ">
    <subfield code="f"></subfield>
  </datafield>
  <datafield tag="591" ind1=" " ind2=" ">
    <subfield code="a">CC:1</subfield>
  </datafield>
  <datafield tag="591" ind1=" " ind2=" ">
    <subfield code="a">Authors:1</subfield>
  </datafield>
  <datafield tag="591" ind1=" " ind2=" ">
    <subfield code="a">SCOAP3:1</subfield>
  </datafield>
  <datafield tag="591" ind1=" " ind2=" ">
    <subfield code="a">Category:1</subfield>
  </datafield>
  <datafield tag="653" ind1="1" ind2=" ">
    <subfield code="a">string theory and cosmology</subfield>
    <subfield code="9">author</subfield>
  </datafield>
  <datafield tag="653" ind1="1" ind2=" ">
    <subfield code="a">inflation</subfield>
    <subfield code="9">author</subfield>
  </datafield>
  <datafield tag="653" ind1="1" ind2=" ">
    <subfield code="a">cosmology of theories beyond the SM</subfield>
    <subfield code="9">author</subfield>
  </datafield>
  <datafield tag="653" ind1="1" ind2=" ">
    <subfield code="a">supersymmetry and cosmology</subfield>
    <subfield code="9">author</subfield>
  </datafield>
  <datafield tag="700" ind1=" " ind2=" ">
    <subfield code="a">Ortiz, Pablo</subfield>
    <subfield code="v">Instituut-Lorentz for Theoretical Physics, Universiteit Leiden,   Niels Bohrweg 2, 2333 CA Leiden, The Netherlands</subfield>
    <subfield code="v">Nikhef,   Science Park 105, 1098 XG Amsterdam, The Netherlands</subfield>
    <subfield code="w">Netherlands</subfield>
  </datafield>
  <datafield tag="773" ind1=" " ind2=" ">
    <subfield code="p">JCAP</subfield>
    <subfield code="v">1502</subfield>
    <subfield code="n">02</subfield>
    <subfield code="c">017</subfield>
    <subfield code="y">2015</subfield>
  </datafield>
  <datafield tag="856" ind1="4" ind2=" ">
    <subfield code="s">1762571</subfield>
    <subfield code="u">http://repo.scoap3.org/record/9207/files/fulltext.pdf</subfield>
  </datafield>
  <datafield tag="856" ind1="4" ind2=" ">
    <subfield code="s">212724</subfield>
    <subfield code="u">http://repo.scoap3.org/record/9207/files/fulltext.xml</subfield>
  </datafield>
  <datafield tag="909" ind1="C" ind2="O">
    <subfield code="o">oai:repo.scoap3.org:9207</subfield>
    <subfield code="p">GLOBAL_SET</subfield>
    <subfield code="p">JOURNAL_OF_COSMOLOGY_AND_ASTROPARTICLE_PHYSICS</subfield>
  </datafield>
  <datafield tag="980" ind1=" " ind2=" ">
    <subfield code="a">SCOAP3</subfield>
    <subfield code="b">IOP</subfield>
  </datafield>
</record>