
<record>
  <controlfield tag="001">9154</controlfield>
  <controlfield tag="005">20151125160815.0</controlfield>
  <datafield tag="022" ind1=" " ind2=" ">
    <subfield code="a">1475-7516</subfield>
  </datafield>
  <datafield tag="024" ind1="7" ind2=" ">
    <subfield code="a">10.1088/1475-7516/2015/02/014</subfield>
    <subfield code="2">DOI</subfield>
    <subfield code="t">2015-02-18T17:17:58Z</subfield>
  </datafield>
  <datafield tag="035" ind1=" " ind2=" ">
    <subfield code="a">1323051</subfield>
    <subfield code="9">INSPIRE</subfield>
  </datafield>
  <datafield tag="037" ind1=" " ind2=" ">
    <subfield code="a">arXiv:1410.5710</subfield>
    <subfield code="9">arXiv</subfield>
  </datafield>
  <datafield tag="100" ind1=" " ind2=" ">
    <subfield code="a">Cheung, Yeuk-Kwan E.</subfield>
    <subfield code="v">Department of Physics, Nanjing University,  22 Hankou Road, Nanjing,  210093 China</subfield>
    <subfield code="w">China</subfield>
  </datafield>
  <datafield tag="245" ind1=" " ind2=" ">
    <subfield code="a">
Direct dark matter searches—Test of the Big Bounce Cosmology</subfield>
  </datafield>
  <datafield tag="260" ind1=" " ind2=" ">
    <subfield code="c">2015-02-01</subfield>
    <subfield code="b">Institute of Physics Publishing/SISSA</subfield>
  </datafield>
  <datafield tag="520" ind1=" " ind2=" ">
    <subfield code="a">We consider the possibility of using dark matter particle's   mass and its interaction cross section as a smoking gun signal of   the existence of a Big Bounce at the early stage in the evolution of   our currently observed universe.  A study of dark matter production   in the pre-bounce contraction and the post bounce expansion epochs   of this universe reveals a new venue for achieving the observed   relic abundance of our present universe.  Specifically, it predicts   a characteristic relation governing a dark matter mass and   interaction cross section and a factor of 1/2 in thermally   averaged cross section, as compared to the non-thermal production in   standard cosmology, is needed for creating enough dark matter   particle to satisfy the currently observed relic abundance because   dark matter is being created during the pre-bounce contraction, in   addition to the post-bounce expansion.  As the production rate is   lower than the Hubble expansion rate information of the bounce   universe evolution is preserved. Therefore once the value of dark   matter mass and interaction cross section are obtained by direct   detection in laboratories, this alternative route becomes a   signature prediction of the bounce universe scenario.  This leads us   to consider a scalar dark matter candidate, which if it is light,   has important implications on dark matter searches.</subfield>
  </datafield>
  <datafield tag="540" ind1=" " ind2=" ">
    <subfield code="a">CC-BY-3.0</subfield>
    <subfield code="u">http://creativecommons.org/licenses/by/3.0/</subfield>
  </datafield>
  <datafield tag="542" ind1=" " ind2=" ">
    <subfield code="f"></subfield>
  </datafield>
  <datafield tag="591" ind1=" " ind2=" ">
    <subfield code="a">CC:1</subfield>
  </datafield>
  <datafield tag="591" ind1=" " ind2=" ">
    <subfield code="a">Authors:1</subfield>
  </datafield>
  <datafield tag="591" ind1=" " ind2=" ">
    <subfield code="a">SCOAP3:1</subfield>
  </datafield>
  <datafield tag="591" ind1=" " ind2=" ">
    <subfield code="a">Category:1</subfield>
  </datafield>
  <datafield tag="653" ind1="1" ind2=" ">
    <subfield code="a">physics of the early universe</subfield>
    <subfield code="9">author</subfield>
  </datafield>
  <datafield tag="653" ind1="1" ind2=" ">
    <subfield code="a">dark matter experiments</subfield>
    <subfield code="9">author</subfield>
  </datafield>
  <datafield tag="653" ind1="1" ind2=" ">
    <subfield code="a">alternatives to inflation</subfield>
    <subfield code="9">author</subfield>
  </datafield>
  <datafield tag="653" ind1="1" ind2=" ">
    <subfield code="a">particle physics - cosmology connection</subfield>
    <subfield code="9">author</subfield>
  </datafield>
  <datafield tag="700" ind1=" " ind2=" ">
    <subfield code="a">Vergados, J.D.</subfield>
    <subfield code="v">Department of Physics, Nanjing University,  22 Hankou Road, Nanjing,  210093 China</subfield>
    <subfield code="v">TEI of Western Macedonia,   Kozani, Gr 501 00,  Greece</subfield>
    <subfield code="v">KAIST,   291 Daehak-r0, Yuesong-gu, Daejeon 305-701, Republic of Korea</subfield>
    <subfield code="v">University of Ioannina,   Ioannina, Gr 451 10, Greece</subfield>
    <subfield code="w">South Korea</subfield>
    <subfield code="w">China</subfield>
    <subfield code="w">Greece</subfield>
  </datafield>
  <datafield tag="773" ind1=" " ind2=" ">
    <subfield code="p">JCAP</subfield>
    <subfield code="v">1502</subfield>
    <subfield code="n">02</subfield>
    <subfield code="c">014</subfield>
    <subfield code="y">2015</subfield>
  </datafield>
  <datafield tag="856" ind1="4" ind2=" ">
    <subfield code="s">1491996</subfield>
    <subfield code="u">http://repo.scoap3.org/record/9154/files/fulltext.pdf</subfield>
  </datafield>
  <datafield tag="856" ind1="4" ind2=" ">
    <subfield code="s">78226</subfield>
    <subfield code="u">http://repo.scoap3.org/record/9154/files/fulltext.xml</subfield>
  </datafield>
  <datafield tag="909" ind1="C" ind2="O">
    <subfield code="o">oai:repo.scoap3.org:9154</subfield>
    <subfield code="p">GLOBAL_SET</subfield>
    <subfield code="p">PR China</subfield>
    <subfield code="p">JOURNAL_OF_COSMOLOGY_AND_ASTROPARTICLE_PHYSICS</subfield>
    <subfield code="p">PR_China</subfield>
  </datafield>
  <datafield tag="980" ind1=" " ind2=" ">
    <subfield code="a">SCOAP3</subfield>
    <subfield code="b">IOP</subfield>
  </datafield>
</record>