
<record>
  <controlfield tag="001">9125</controlfield>
  <controlfield tag="005">20150408191819.0</controlfield>
  <datafield tag="022" ind1=" " ind2=" ">
    <subfield code="a">1475-7516</subfield>
  </datafield>
  <datafield tag="024" ind1="7" ind2=" ">
    <subfield code="a">10.1088/1475-7516/2015/02/011</subfield>
    <subfield code="2">DOI</subfield>
    <subfield code="t">2015-02-12T14:34:49Z</subfield>
  </datafield>
  <datafield tag="035" ind1=" " ind2=" ">
    <subfield code="a">1327500</subfield>
    <subfield code="9">INSPIRE</subfield>
  </datafield>
  <datafield tag="037" ind1=" " ind2=" ">
    <subfield code="a">arXiv:1411.3178</subfield>
    <subfield code="9">arXiv</subfield>
  </datafield>
  <datafield tag="100" ind1=" " ind2=" ">
    <subfield code="a">Wallemacq, Quentin</subfield>
    <subfield code="v">IFPA, AGO Department, University of Liège,  Sart Tilman, 4000 Liège, Belgium</subfield>
    <subfield code="w">Belgium</subfield>
  </datafield>
  <datafield tag="245" ind1=" " ind2=" ">
    <subfield code="a">
Dark antiatoms can explain DAMA</subfield>
  </datafield>
  <datafield tag="260" ind1=" " ind2=" ">
    <subfield code="c">2015-02-01</subfield>
    <subfield code="b">Institute of Physics Publishing/SISSA</subfield>
  </datafield>
  <datafield tag="520" ind1=" " ind2=" ">
    <subfield code="a">We show that the existence of a sub-dominant form of dark matter, made of dark “antiatoms” of mass m∼ 1 TeV and size ȧ0∼ 3 fm, can explain the results of direct detection experiments, with a positive  signal in DAMA/NaI and DAMA/LIBRA  and no signal in other experiments. The signal comes from the binding of the dark antiatoms to  thallium, a dopant in DAMA, and is not present for the constituent atoms of other experiments. The dark  antiatoms are made of two particles oppositely charged under a dark U(1) symmetry and can bind to terrestrial   atoms because of a kinetic mixing between the   photon and the massless dark photon, such that the dark   particles acquire an electric millicharge ∼ ± 5.10−4e. This millicharge enables them to bind to  high-Z   atoms via radiative capture, after they thermalize in terrestrial matter through elastic collisions.</subfield>
  </datafield>
  <datafield tag="540" ind1=" " ind2=" ">
    <subfield code="a">CC-BY-3.0</subfield>
    <subfield code="u">http://creativecommons.org/licenses/by/3.0/</subfield>
  </datafield>
  <datafield tag="542" ind1=" " ind2=" ">
    <subfield code="f"></subfield>
  </datafield>
  <datafield tag="591" ind1=" " ind2=" ">
    <subfield code="a">CC:1</subfield>
  </datafield>
  <datafield tag="591" ind1=" " ind2=" ">
    <subfield code="a">Authors:1</subfield>
  </datafield>
  <datafield tag="591" ind1=" " ind2=" ">
    <subfield code="a">SCOAP3:1</subfield>
  </datafield>
  <datafield tag="591" ind1=" " ind2=" ">
    <subfield code="a">Category:1</subfield>
  </datafield>
  <datafield tag="653" ind1="1" ind2=" ">
    <subfield code="a">dark matter detectors</subfield>
    <subfield code="9">author</subfield>
  </datafield>
  <datafield tag="653" ind1="1" ind2=" ">
    <subfield code="a">dark matter experiments</subfield>
    <subfield code="9">author</subfield>
  </datafield>
  <datafield tag="653" ind1="1" ind2=" ">
    <subfield code="a">dark matter theory</subfield>
    <subfield code="9">author</subfield>
  </datafield>
  <datafield tag="700" ind1=" " ind2=" ">
    <subfield code="a">Cudell, Jean-René</subfield>
    <subfield code="v">IFPA, AGO Department, University of Liège,  Sart Tilman, 4000 Liège, Belgium</subfield>
    <subfield code="w">Belgium</subfield>
  </datafield>
  <datafield tag="773" ind1=" " ind2=" ">
    <subfield code="p">JCAP</subfield>
    <subfield code="v">1502</subfield>
    <subfield code="n">02</subfield>
    <subfield code="c">011</subfield>
    <subfield code="y">2015</subfield>
  </datafield>
  <datafield tag="856" ind1="4" ind2=" ">
    <subfield code="s">633930</subfield>
    <subfield code="u">http://repo.scoap3.org/record/9125/files/fulltext.pdf</subfield>
  </datafield>
  <datafield tag="856" ind1="4" ind2=" ">
    <subfield code="s">63870</subfield>
    <subfield code="u">http://repo.scoap3.org/record/9125/files/fulltext.xml</subfield>
  </datafield>
  <datafield tag="909" ind1="C" ind2="O">
    <subfield code="o">oai:repo.scoap3.org:9125</subfield>
    <subfield code="p">GLOBAL_SET</subfield>
    <subfield code="p">JOURNAL_OF_COSMOLOGY_AND_ASTROPARTICLE_PHYSICS</subfield>
  </datafield>
  <datafield tag="980" ind1=" " ind2=" ">
    <subfield code="a">SCOAP3</subfield>
    <subfield code="b">IOP</subfield>
  </datafield>
</record>