
<record>
  <controlfield tag="001">9077</controlfield>
  <controlfield tag="005">20151125160701.0</controlfield>
  <datafield tag="022" ind1=" " ind2=" ">
    <subfield code="a">1475-7516</subfield>
  </datafield>
  <datafield tag="024" ind1="7" ind2=" ">
    <subfield code="a">10.1088/1475-7516/2015/02/005</subfield>
    <subfield code="2">DOI</subfield>
    <subfield code="t">2015-02-09T09:37:05Z</subfield>
  </datafield>
  <datafield tag="035" ind1=" " ind2=" ">
    <subfield code="a">1321338</subfield>
    <subfield code="9">INSPIRE</subfield>
  </datafield>
  <datafield tag="037" ind1=" " ind2=" ">
    <subfield code="a">arXiv:1410.2246</subfield>
    <subfield code="9">arXiv</subfield>
  </datafield>
  <datafield tag="100" ind1=" " ind2=" ">
    <subfield code="a">Berger, Joshua</subfield>
    <subfield code="v">SLAC National Accelerator Laboratory,   Menlo Park, CA  94025, U.S.A.</subfield>
    <subfield code="w">USA</subfield>
  </datafield>
  <datafield tag="245" ind1=" " ind2=" ">
    <subfield code="a">
Detecting boosted dark matter from the Sun with large volume neutrino detectors</subfield>
  </datafield>
  <datafield tag="260" ind1=" " ind2=" ">
    <subfield code="c">2015-02-01</subfield>
    <subfield code="b">Institute of Physics Publishing/SISSA</subfield>
  </datafield>
  <datafield tag="520" ind1=" " ind2=" ">
    <subfield code="a">We study novel scenarios where thermal dark matter (DM) can   be efficiently captured in the Sun and annihilate into boosted dark   matter. In models with semi-annihilating DM, where DM has a   non-minimal stabilization symmetry, or in models with a   multi-component DM sector, annihilations of DM can give rise to   stable dark sector particles with moderate Lorentz boosts.  We   investigate both of these possibilities, presenting concrete models   as proofs of concept.  Both scenarios can yield viable thermal relic   DM with masses O(1)-O(100) GeV. Taking advantage of the energetic   proton recoils that arise when the boosted DM scatters off matter,   we propose a detection strategy which uses large volume terrestrial   detectors, such as those designed to detect neutrinos or proton   decays.  In particular, we propose a search for proton tracks   pointing towards the Sun.  We focus on signals at   Cherenkov-radiation-based detectors such as Super-Kamiokande (SK)   and its upgrade Hyper-Kamiokande (HK). We find that with   spin-dependent scattering as the dominant DM-nucleus interaction at   low energies, boosted DM can leave detectable signals at SK or HK,   with sensitivity comparable to DM direct detection experiments while   being consistent with current constraints.  Our study provides a new   search path for DM sectors with non-minimal structure.</subfield>
  </datafield>
  <datafield tag="540" ind1=" " ind2=" ">
    <subfield code="a">CC-BY-3.0</subfield>
    <subfield code="u">http://creativecommons.org/licenses/by/3.0/</subfield>
  </datafield>
  <datafield tag="542" ind1=" " ind2=" ">
    <subfield code="f"></subfield>
  </datafield>
  <datafield tag="591" ind1=" " ind2=" ">
    <subfield code="a">CC:1</subfield>
  </datafield>
  <datafield tag="591" ind1=" " ind2=" ">
    <subfield code="a">Authors:1</subfield>
  </datafield>
  <datafield tag="591" ind1=" " ind2=" ">
    <subfield code="a">SCOAP3:1</subfield>
  </datafield>
  <datafield tag="591" ind1=" " ind2=" ">
    <subfield code="a">Category:1</subfield>
  </datafield>
  <datafield tag="653" ind1="1" ind2=" ">
    <subfield code="a">neutrino experiments</subfield>
    <subfield code="9">author</subfield>
  </datafield>
  <datafield tag="653" ind1="1" ind2=" ">
    <subfield code="a">dark matter experiments</subfield>
    <subfield code="9">author</subfield>
  </datafield>
  <datafield tag="653" ind1="1" ind2=" ">
    <subfield code="a">dark matter theory</subfield>
    <subfield code="9">author</subfield>
  </datafield>
  <datafield tag="700" ind1=" " ind2=" ">
    <subfield code="a">Cui, Yanou</subfield>
    <subfield code="v">Perimeter Institute for Theoretical Physics,   Waterloo, Ontario N2L 2Y5, Canada </subfield>
    <subfield code="v">Maryland Center for Fundamental Physics, University of Maryland,   College Park, MD 20742, U.S.A.</subfield>
    <subfield code="w">Canada</subfield>
    <subfield code="w">USA</subfield>
  </datafield>
  <datafield tag="700" ind1=" " ind2=" ">
    <subfield code="a">Zhao, Yue</subfield>
    <subfield code="v">Stanford Institute of Theoretical Physics, Physics Department,  Stanford University, Stanford, CA 94305, U.S.A.</subfield>
    <subfield code="w">USA</subfield>
  </datafield>
  <datafield tag="773" ind1=" " ind2=" ">
    <subfield code="p">JCAP</subfield>
    <subfield code="v">1502</subfield>
    <subfield code="n">02</subfield>
    <subfield code="c">005</subfield>
    <subfield code="y">2015</subfield>
  </datafield>
  <datafield tag="856" ind1="4" ind2=" ">
    <subfield code="s">935022</subfield>
    <subfield code="u">http://repo.scoap3.org/record/9077/files/fulltext.pdf</subfield>
  </datafield>
  <datafield tag="856" ind1="4" ind2=" ">
    <subfield code="s">95724</subfield>
    <subfield code="u">http://repo.scoap3.org/record/9077/files/fulltext.xml</subfield>
  </datafield>
  <datafield tag="909" ind1="C" ind2="O">
    <subfield code="o">oai:repo.scoap3.org:9077</subfield>
    <subfield code="p">GLOBAL_SET</subfield>
    <subfield code="p">JOURNAL_OF_COSMOLOGY_AND_ASTROPARTICLE_PHYSICS</subfield>
  </datafield>
  <datafield tag="980" ind1=" " ind2=" ">
    <subfield code="a">SCOAP3</subfield>
    <subfield code="b">IOP</subfield>
  </datafield>
</record>