
<record>
  <controlfield tag="001">8956</controlfield>
  <controlfield tag="005">20150408143922.0</controlfield>
  <datafield tag="022" ind1=" " ind2=" ">
    <subfield code="a">1475-7516</subfield>
  </datafield>
  <datafield tag="024" ind1="7" ind2=" ">
    <subfield code="a">10.1088/1475-7516/2015/01/035</subfield>
    <subfield code="2">DOI</subfield>
    <subfield code="t">2015-01-29T02:10:51Z</subfield>
  </datafield>
  <datafield tag="035" ind1=" " ind2=" ">
    <subfield code="a">1325737</subfield>
    <subfield code="9">INSPIRE</subfield>
  </datafield>
  <datafield tag="037" ind1=" " ind2=" ">
    <subfield code="a">arXiv:1411.0036</subfield>
    <subfield code="9">arXiv</subfield>
  </datafield>
  <datafield tag="100" ind1=" " ind2=" ">
    <subfield code="a">Armendariz-Picon, Cristian</subfield>
    <subfield code="v">Department of Physics, Syracuse University,  Syracuse, NY 13244-1130, U.S.A.</subfield>
    <subfield code="w">USA</subfield>
  </datafield>
  <datafield tag="245" ind1=" " ind2=" ">
    <subfield code="a">
General covariance constraints on cosmological correlators</subfield>
  </datafield>
  <datafield tag="260" ind1=" " ind2=" ">
    <subfield code="c">2015-01-01</subfield>
    <subfield code="b">Institute of Physics Publishing/SISSA</subfield>
  </datafield>
  <datafield tag="520" ind1=" " ind2=" ">
    <subfield code="a">We study the extent to which diffeomorphism invariance restricts the properties of the  perturbations in single scalar field cosmological models. We derive a set of  identities that constrain the connected correlators of the cosmological perturbations, as well as the one-particle-irreducible vertices of the theory in any gauge. These identities are the analogues of Slavnov-Taylor identities in gauge theories, and follow  essentially from  diffeomorphism invariance alone. Yet because quantization requires diffeomorphism invariance  to be broken, they not only reflect invariance under diffeomorphisms, but also how the latter has been broken by gauge fixing terms. In order not to lose the symmetry altogether, we cannot simply set some fields to zero, as is usually done in cosmological perturbation theory, but need to decouple them smoothly and make sure that they do not contribute to cosmological correlators in the decoupling limit.   We use these identities to derive a set of consistency relations between bispectra and power spectra of cosmological perturbations in different gauges. Without additional assumptions, these consistency relations just seem to reflect the redundancy implied by diffeomorphisms. But when combined with analyticity, in a formulation of the theory in which auxiliary fields have been integrated out, we recover novel and previously derived relations that follow from invariance under both time and spatial diffeomorphisms.</subfield>
  </datafield>
  <datafield tag="540" ind1=" " ind2=" ">
    <subfield code="a">CC-BY-3.0</subfield>
    <subfield code="u">http://creativecommons.org/licenses/by/3.0/</subfield>
  </datafield>
  <datafield tag="542" ind1=" " ind2=" ">
    <subfield code="f"></subfield>
  </datafield>
  <datafield tag="591" ind1=" " ind2=" ">
    <subfield code="a">Category:1</subfield>
  </datafield>
  <datafield tag="591" ind1=" " ind2=" ">
    <subfield code="a">CC:1</subfield>
  </datafield>
  <datafield tag="591" ind1=" " ind2=" ">
    <subfield code="a">Authors:1</subfield>
  </datafield>
  <datafield tag="591" ind1=" " ind2=" ">
    <subfield code="a">SCOAP3:1</subfield>
  </datafield>
  <datafield tag="653" ind1="1" ind2=" ">
    <subfield code="a">inflation</subfield>
    <subfield code="9">author</subfield>
  </datafield>
  <datafield tag="653" ind1="1" ind2=" ">
    <subfield code="a">quantum cosmology</subfield>
    <subfield code="9">author</subfield>
  </datafield>
  <datafield tag="653" ind1="1" ind2=" ">
    <subfield code="a">quantum field theory on curved space</subfield>
    <subfield code="9">author</subfield>
  </datafield>
  <datafield tag="700" ind1=" " ind2=" ">
    <subfield code="a">Neelakanta, Jayanth T.</subfield>
    <subfield code="v">Department of Physics, Syracuse University,  Syracuse, NY 13244-1130, U.S.A.</subfield>
    <subfield code="w">USA</subfield>
  </datafield>
  <datafield tag="700" ind1=" " ind2=" ">
    <subfield code="a">Penco, Riccardo</subfield>
    <subfield code="v">Physics Department and Institute for Strings, Cosmology, and Astroparticle Physics,   Columbia University,  New York, NY 10027, U.S.A.</subfield>
    <subfield code="w">USA</subfield>
  </datafield>
  <datafield tag="773" ind1=" " ind2=" ">
    <subfield code="p">JCAP</subfield>
    <subfield code="v">1501</subfield>
    <subfield code="n">01</subfield>
    <subfield code="c">035</subfield>
    <subfield code="y">2015</subfield>
  </datafield>
  <datafield tag="856" ind1="4" ind2=" ">
    <subfield code="s">122553</subfield>
    <subfield code="u">http://repo.scoap3.org/record/8956/files/fulltext.xml</subfield>
  </datafield>
  <datafield tag="856" ind1="4" ind2=" ">
    <subfield code="s">553970</subfield>
    <subfield code="u">http://repo.scoap3.org/record/8956/files/fulltext.pdf</subfield>
  </datafield>
  <datafield tag="909" ind1="C" ind2="O">
    <subfield code="o">oai:repo.scoap3.org:8956</subfield>
    <subfield code="p">GLOBAL_SET</subfield>
    <subfield code="p">JOURNAL_OF_COSMOLOGY_AND_ASTROPARTICLE_PHYSICS</subfield>
  </datafield>
  <datafield tag="980" ind1=" " ind2=" ">
    <subfield code="a">SCOAP3</subfield>
    <subfield code="b">IOP</subfield>
  </datafield>
</record>