
<record>
  <controlfield tag="001">8770</controlfield>
  <controlfield tag="005">20150408143901.0</controlfield>
  <datafield tag="022" ind1=" " ind2=" ">
    <subfield code="a">1475-7516</subfield>
  </datafield>
  <datafield tag="024" ind1="7" ind2=" ">
    <subfield code="a">10.1088/1475-7516/2015/01/018</subfield>
    <subfield code="2">DOI</subfield>
    <subfield code="t">2015-01-15T03:16:24Z</subfield>
  </datafield>
  <datafield tag="035" ind1=" " ind2=" ">
    <subfield code="a">1308489</subfield>
    <subfield code="9">INSPIRE</subfield>
  </datafield>
  <datafield tag="037" ind1=" " ind2=" ">
    <subfield code="a">arXiv:1407.7471</subfield>
    <subfield code="9">arXiv</subfield>
  </datafield>
  <datafield tag="100" ind1=" " ind2=" ">
    <subfield code="a">McDonald, John</subfield>
    <subfield code="v">Dept. of Physics, University of Lancaster,   Lancaster LA1 4YB, U.K.</subfield>
    <subfield code="w">UK</subfield>
  </datafield>
  <datafield tag="245" ind1=" " ind2=" ">
    <subfield code="a">
A minimal sub-Planckian axion inflation model with large tensor-to-scalar ratio</subfield>
  </datafield>
  <datafield tag="260" ind1=" " ind2=" ">
    <subfield code="c">2015-01-01</subfield>
    <subfield code="b">Institute of Physics Publishing/SISSA</subfield>
  </datafield>
  <datafield tag="520" ind1=" " ind2=" ">
    <subfield code="a">We present a minimal axion inflation model which can   generate a large tensor-to-scalar ratio while remaining   sub-Planckian. The modulus of a complex scalar field ? with a ?|?|4 potential couples directly to the gauge field of a strongly-coupled sector via a term of the form (|?|/MPl)mFF?. This generates a minimum of the potential which is aperiodic in the phase. The resulting inflation model is equivalent to a ?4/(m+1) chaotic inflation model. For the natural case of a leading-order portal-like interaction of the form ???FF?, the model is equivalent to a ?4/3 chaotic inflation model and predicts a tensor-to-scalar ratio
r = 16/3N = 0.097 and a scalar spectral index ns = 1 - 5/3N = 0.970. The value of |?| remains sub-Planckian throughout the observable era of inflation, with |?| ? 0.01MPl for N ? 60 when ? ? 1.</subfield>
  </datafield>
  <datafield tag="540" ind1=" " ind2=" ">
    <subfield code="a">CC-BY-3.0</subfield>
    <subfield code="u">http://creativecommons.org/licenses/by/3.0/</subfield>
  </datafield>
  <datafield tag="542" ind1=" " ind2=" ">
    <subfield code="f"></subfield>
  </datafield>
  <datafield tag="591" ind1=" " ind2=" ">
    <subfield code="a">CC:1</subfield>
  </datafield>
  <datafield tag="591" ind1=" " ind2=" ">
    <subfield code="a">Authors:0</subfield>
  </datafield>
  <datafield tag="591" ind1=" " ind2=" ">
    <subfield code="a">SCOAP3:1</subfield>
  </datafield>
  <datafield tag="591" ind1=" " ind2=" ">
    <subfield code="a">Category:1</subfield>
  </datafield>
  <datafield tag="653" ind1="1" ind2=" ">
    <subfield code="a">inflation</subfield>
    <subfield code="9">author</subfield>
  </datafield>
  <datafield tag="653" ind1="1" ind2=" ">
    <subfield code="a">physics of the early universe</subfield>
    <subfield code="9">author</subfield>
  </datafield>
  <datafield tag="773" ind1=" " ind2=" ">
    <subfield code="p">JCAP</subfield>
    <subfield code="v">1501</subfield>
    <subfield code="n">01</subfield>
    <subfield code="c">018</subfield>
    <subfield code="y">2015</subfield>
  </datafield>
  <datafield tag="856" ind1="4" ind2=" ">
    <subfield code="s">176794</subfield>
    <subfield code="u">http://repo.scoap3.org/record/8770/files/fulltext.pdf</subfield>
  </datafield>
  <datafield tag="856" ind1="4" ind2=" ">
    <subfield code="s">25259</subfield>
    <subfield code="u">http://repo.scoap3.org/record/8770/files/fulltext.xml</subfield>
  </datafield>
  <datafield tag="909" ind1="C" ind2="O">
    <subfield code="o">oai:repo.scoap3.org:8770</subfield>
    <subfield code="p">GLOBAL_SET</subfield>
    <subfield code="p">JOURNAL_OF_COSMOLOGY_AND_ASTROPARTICLE_PHYSICS</subfield>
  </datafield>
  <datafield tag="980" ind1=" " ind2=" ">
    <subfield code="a">SCOAP3</subfield>
    <subfield code="b">IOP</subfield>
  </datafield>
</record>