
<record>
  <controlfield tag="001">8755</controlfield>
  <controlfield tag="005">20151125160127.0</controlfield>
  <datafield tag="022" ind1=" " ind2=" ">
    <subfield code="a">1475-7516</subfield>
  </datafield>
  <datafield tag="024" ind1="7" ind2=" ">
    <subfield code="a">10.1088/1475-7516/2015/01/016</subfield>
    <subfield code="2">DOI</subfield>
    <subfield code="t">2015-01-14T13:15:32Z</subfield>
  </datafield>
  <datafield tag="035" ind1=" " ind2=" ">
    <subfield code="a">1305592</subfield>
    <subfield code="9">INSPIRE</subfield>
  </datafield>
  <datafield tag="037" ind1=" " ind2=" ">
    <subfield code="a">arXiv:1407.2621</subfield>
    <subfield code="9">arXiv</subfield>
    <subfield code="a">arXiv:1407.2621</subfield>
  </datafield>
  <datafield tag="100" ind1=" " ind2=" ">
    <subfield code="a">Baumann, Daniel</subfield>
    <subfield code="v">D.A.M.T.P., Cambridge University,   Wilberforce Road, Cambridge, CB3 0WA, U.K.</subfield>
    <subfield code="w">UK</subfield>
  </datafield>
  <datafield tag="245" ind1=" " ind2=" ">
    <subfield code="a">
B-modes and the nature of inflation</subfield>
  </datafield>
  <datafield tag="260" ind1=" " ind2=" ">
    <subfield code="c">2015-01-01</subfield>
    <subfield code="b">Institute of Physics Publishing/SISSA</subfield>
  </datafield>
  <datafield tag="520" ind1=" " ind2=" ">
    <subfield code="a">Observations of the cosmic microwave background do not yet determine whether inflation was driven by a slowly-rolling scalar field or involved another physical mechanism. In this paper we discuss the prospects of using the power spectra of scalar and tensor modes to probe the nature of inflation. We focus on the leading modification to the slow-roll dynamics, which entails a  sound speed cs for the scalar fluctuations. We derive analytically a lower bound on cs in terms of a given tensor-to-scalar ratio r, taking into account the difference in the freeze-out times between the scalar and tensor modes. We find that any detection of primordial B-modes with r?>?0.01 implies a lower bound on cs that is stronger than the bound derived from the absence of non-Gaussianity in the Planck data.  For r???0.1, the bound would be tantalizingly close to a critical value for the sound speed, (cs)??=?0.47 (corresponding to  (fNLequil)??=?-0.93), which we show serves as a threshold for non-trivial dynamics beyond slow-roll. We also discuss how an order-one level of equilateral non-Gaussianity is a natural observational target for other extensions of the canonical paradigm.</subfield>
  </datafield>
  <datafield tag="540" ind1=" " ind2=" ">
    <subfield code="a">CC-BY-3.0</subfield>
    <subfield code="u">http://creativecommons.org/licenses/by/3.0/</subfield>
  </datafield>
  <datafield tag="542" ind1=" " ind2=" ">
    <subfield code="f"></subfield>
  </datafield>
  <datafield tag="591" ind1=" " ind2=" ">
    <subfield code="a">CC:1</subfield>
  </datafield>
  <datafield tag="591" ind1=" " ind2=" ">
    <subfield code="a">Authors:1</subfield>
  </datafield>
  <datafield tag="591" ind1=" " ind2=" ">
    <subfield code="a">SCOAP3:1</subfield>
  </datafield>
  <datafield tag="591" ind1=" " ind2=" ">
    <subfield code="a">Category:1</subfield>
  </datafield>
  <datafield tag="653" ind1="1" ind2=" ">
    <subfield code="a">inflation</subfield>
    <subfield code="9">author</subfield>
  </datafield>
  <datafield tag="653" ind1="1" ind2=" ">
    <subfield code="a">gravitational waves and CMBR polarization</subfield>
    <subfield code="9">author</subfield>
  </datafield>
  <datafield tag="700" ind1=" " ind2=" ">
    <subfield code="a">Green, Daniel</subfield>
    <subfield code="v">Canadian Institute for Theoretical Astrophysics,  60 St. George Street, Toronto, ON M5S 3H8, Canada</subfield>
    <subfield code="v">Stanford Institute for Theoretical Physics, Stanford University,  382 Via Pueblo Mall, Stanford, CA 94305, U.S.A.</subfield>
    <subfield code="v">Kavli Institute for Particle Astrophysics and Cosmology,    382 Via Pueblo Mall, Stanford, CA 94305, U.S.A.</subfield>
    <subfield code="w">Canada</subfield>
    <subfield code="w">USA</subfield>
  </datafield>
  <datafield tag="700" ind1=" " ind2=" ">
    <subfield code="a">Porto, Rafael A.</subfield>
    <subfield code="v">Deutsches Elektronen-Synchrotron DESY, Theory Group,  Notkestrasse 85,  D-22603 Hamburg, Germany</subfield>
    <subfield code="v">Institute for Advanced Study,  Einstein Drive,  Princeton, NJ 08540, U.S.A.</subfield>
    <subfield code="w">Germany</subfield>
    <subfield code="w">USA</subfield>
  </datafield>
  <datafield tag="773" ind1=" " ind2=" ">
    <subfield code="p">JCAP</subfield>
    <subfield code="v">1501</subfield>
    <subfield code="n">01</subfield>
    <subfield code="c">016</subfield>
    <subfield code="y">2015</subfield>
  </datafield>
  <datafield tag="856" ind1="4" ind2=" ">
    <subfield code="s">103082</subfield>
    <subfield code="u">http://repo.scoap3.org/record/8755/files/fulltext.xml</subfield>
  </datafield>
  <datafield tag="856" ind1="4" ind2=" ">
    <subfield code="s">1442419</subfield>
    <subfield code="u">http://repo.scoap3.org/record/8755/files/fulltext.pdf</subfield>
  </datafield>
  <datafield tag="909" ind1="C" ind2="O">
    <subfield code="o">oai:repo.scoap3.org:8755</subfield>
    <subfield code="p">GLOBAL_SET</subfield>
    <subfield code="p">JOURNAL_OF_COSMOLOGY_AND_ASTROPARTICLE_PHYSICS</subfield>
  </datafield>
  <datafield tag="980" ind1=" " ind2=" ">
    <subfield code="a">SCOAP3</subfield>
    <subfield code="b">IOP</subfield>
  </datafield>
</record>