
<record>
  <controlfield tag="001">8739</controlfield>
  <controlfield tag="005">20150408143857.0</controlfield>
  <datafield tag="022" ind1=" " ind2=" ">
    <subfield code="a">1475-7516</subfield>
  </datafield>
  <datafield tag="024" ind1="7" ind2=" ">
    <subfield code="2">DOI</subfield>
    <subfield code="a">10.1088/1475-7516/2015/01/012</subfield>
    <subfield code="t">2015-01-14T13:15:32Z</subfield>
  </datafield>
  <datafield tag="035" ind1=" " ind2=" ">
    <subfield code="9">INSPIRE</subfield>
    <subfield code="a">1318616</subfield>
  </datafield>
  <datafield tag="037" ind1=" " ind2=" ">
    <subfield code="9">arXiv</subfield>
    <subfield code="a">arXiv:1409.6318</subfield>
    <subfield code="a">arXiv:1409.6318</subfield>
  </datafield>
  <datafield tag="100" ind1=" " ind2=" ">
    <subfield code="a">Joyce, Austin</subfield>
    <subfield code="v">Enrico Fermi Institute and Kavli Institute for Cosmological Physics,   University of Chicago,   Chicago, IL 60637, U.S.A.</subfield>
    <subfield code="w">USA</subfield>
  </datafield>
  <datafield tag="245" ind1=" " ind2=" ">
    <subfield code="a">Multiple soft limits of cosmological correlation functions</subfield>
  </datafield>
  <datafield tag="260" ind1=" " ind2=" ">
    <subfield code="b">Institute of Physics Publishing/SISSA</subfield>
    <subfield code="c">2015-01-01</subfield>
  </datafield>
  <datafield tag="520" ind1=" " ind2=" ">
    <subfield code="a">We derive novel identities satisfied by inflationary   correlation functions in the limit where two external momenta are   taken to be small. We derive these statements in two ways: using   background-wave arguments and as Ward identities following from the   fixed-time path integral. Interestingly, these identities allow us   to constrain some of the  𝒪(q2) components of the soft   limit, in contrast to their single-soft analogues. We provide   several nontrivial checks of our identities both in the context of   resonant non-Gaussianities and in small sound speed   models. Additionally, we extend the relation at lowest order in   external momenta to arbitrarily many soft legs, and comment on the   many-soft extension at higher orders in the soft momentum. Finally,   we consider how higher soft limits lead to identities satisfied by   correlation functions in large-scale structure.</subfield>
  </datafield>
  <datafield tag="540" ind1=" " ind2=" ">
    <subfield code="a">CC-BY-3.0</subfield>
    <subfield code="u">http://creativecommons.org/licenses/by/3.0/</subfield>
  </datafield>
  <datafield tag="591" ind1=" " ind2=" ">
    <subfield code="a">CC:1</subfield>
  </datafield>
  <datafield tag="591" ind1=" " ind2=" ">
    <subfield code="a">Authors:0</subfield>
  </datafield>
  <datafield tag="591" ind1=" " ind2=" ">
    <subfield code="a">SCOAP3:1</subfield>
  </datafield>
  <datafield tag="591" ind1=" " ind2=" ">
    <subfield code="a">Category:1</subfield>
  </datafield>
  <datafield tag="653" ind1="1" ind2=" ">
    <subfield code="9">author</subfield>
    <subfield code="a">cosmological perturbation theory</subfield>
  </datafield>
  <datafield tag="653" ind1="1" ind2=" ">
    <subfield code="9">author</subfield>
    <subfield code="a">inflation</subfield>
  </datafield>
  <datafield tag="653" ind1="1" ind2=" ">
    <subfield code="9">author</subfield>
    <subfield code="a">physics of the early universe</subfield>
  </datafield>
  <datafield tag="653" ind1="1" ind2=" ">
    <subfield code="9">author</subfield>
    <subfield code="a">non-gaussianity</subfield>
  </datafield>
  <datafield tag="700" ind1=" " ind2=" ">
    <subfield code="a">Khoury, Justin</subfield>
    <subfield code="v">Center for Particle Cosmology,  Department of Physics and Astronomy,   University of Pennsylvania,   Philadelphia, PA 19104, USA</subfield>
    <subfield code="w">USA</subfield>
  </datafield>
  <datafield tag="700" ind1=" " ind2=" ">
    <subfield code="a">Simonović, Marko</subfield>
    <subfield code="v">SISSA,   via Bonomea 265, 34136, Trieste, Italy</subfield>
    <subfield code="v">Istituto Nazionale di Fisica Nucleare, Sezione di Trieste,   I-34136, Trieste, Italy</subfield>
    <subfield code="w">Italy</subfield>
  </datafield>
  <datafield tag="773" ind1=" " ind2=" ">
    <subfield code="c">012</subfield>
    <subfield code="n">01</subfield>
    <subfield code="p">JCAP</subfield>
    <subfield code="v">1501</subfield>
    <subfield code="y">2015</subfield>
  </datafield>
  <datafield tag="856" ind1="4" ind2=" ">
    <subfield code="s">130978</subfield>
    <subfield code="u">http://repo.scoap3.org/record/8739/files/fulltext.xml</subfield>
  </datafield>
  <datafield tag="856" ind1="4" ind2=" ">
    <subfield code="s">708477</subfield>
    <subfield code="u">http://repo.scoap3.org/record/8739/files/fulltext.pdf</subfield>
  </datafield>
  <datafield tag="909" ind1="C" ind2="O">
    <subfield code="o">oai:repo.scoap3.org:8739</subfield>
    <subfield code="p">GLOBAL_SET</subfield>
    <subfield code="p">JOURNAL_OF_COSMOLOGY_AND_ASTROPARTICLE_PHYSICS</subfield>
  </datafield>
  <datafield tag="980" ind1=" " ind2=" ">
    <subfield code="a">SCOAP3</subfield>
    <subfield code="b">IOP</subfield>
  </datafield>
</record>