
<record>
  <controlfield tag="001">5268</controlfield>
  <controlfield tag="005">20150408143441.0</controlfield>
  <datafield tag="022" ind1=" " ind2=" ">
    <subfield code="a">1475-7516</subfield>
  </datafield>
  <datafield tag="024" ind1="7" ind2=" ">
    <subfield code="a">10.1088/1475-7516/2014/12/045</subfield>
    <subfield code="2">DOI</subfield>
    <subfield code="t">2015-01-14T13:15:32Z</subfield>
  </datafield>
  <datafield tag="035" ind1=" " ind2=" ">
    <subfield code="a">1305263</subfield>
    <subfield code="9">INSPIRE</subfield>
  </datafield>
  <datafield tag="037" ind1=" " ind2=" ">
    <subfield code="a">arXiv:1407.2173</subfield>
    <subfield code="9">arXiv</subfield>
  </datafield>
  <datafield tag="100" ind1=" " ind2=" ">
    <subfield code="a">Cirelli, Marco</subfield>
    <subfield code="v">Institut de Physique Théorique, CNRS URA2306 &amp; CEA-Saclay,  91191 Gif-sur-Yvette, France</subfield>
    <subfield code="w">France</subfield>
  </datafield>
  <datafield tag="245" ind1=" " ind2=" ">
    <subfield code="a">
Antiproton constraints on the GeV gamma-ray excess: a comprehensive analysis</subfield>
  </datafield>
  <datafield tag="260" ind1=" " ind2=" ">
    <subfield code="c">2014-12-01</subfield>
    <subfield code="b">Institute of Physics Publishing/SISSA</subfield>
  </datafield>
  <datafield tag="520" ind1=" " ind2=" ">
    <subfield code="a">
A GeV gamma-ray excess has possibly been individuated in Fermi-LAT data from the Galactic Center and interpreted in terms of Dark Matter (DM) annihilations, either in hadronic (essentially bb̄) or leptonic channels. In order to test this tantalizing interpretation, we address two issues: (i) we improve the computation of secondary emission from DM (Inverse Compton and Bremsstrahlung) with respect to previous works, confirming it to be very relevant for determining the DM spectrum in the leptonic channels, so that any conclusion on the DM nature of the signal critically depends on this contribution; (ii) we consider the constraints from antiprotons on the DM hadronic channel, finding that the uncertainties on the propagation model, and in particular on the halo height, play a major role. Moreover, we discuss the role of solar modulation, taking into account possible charge dependent effects whose importance is estimated exploiting detailed numerical tools. 
The limits that we obtain severely constrain the DM interpretation of the excess in the hadronic channel, for standard assumptions on the Galactic propagation parameters and solar modulation. However, they considerably relax if more conservative choices are adopted.</subfield>
  </datafield>
  <datafield tag="540" ind1=" " ind2=" ">
    <subfield code="a">CC-BY-3.0</subfield>
    <subfield code="u">http://creativecommons.org/licenses/by/3.0/</subfield>
  </datafield>
  <datafield tag="542" ind1=" " ind2=" ">
    <subfield code="f"></subfield>
  </datafield>
  <datafield tag="591" ind1=" " ind2=" ">
    <subfield code="a">CC:1</subfield>
  </datafield>
  <datafield tag="591" ind1=" " ind2=" ">
    <subfield code="a">Authors:1</subfield>
  </datafield>
  <datafield tag="591" ind1=" " ind2=" ">
    <subfield code="a">SCOAP3:1</subfield>
  </datafield>
  <datafield tag="591" ind1=" " ind2=" ">
    <subfield code="a">Category:1</subfield>
  </datafield>
  <datafield tag="653" ind1="1" ind2=" ">
    <subfield code="a">dark matter theory</subfield>
    <subfield code="9">author</subfield>
  </datafield>
  <datafield tag="653" ind1="1" ind2=" ">
    <subfield code="a">cosmic ray theory</subfield>
    <subfield code="9">author</subfield>
  </datafield>
  <datafield tag="653" ind1="1" ind2=" ">
    <subfield code="a">gamma ray theory</subfield>
    <subfield code="9">author</subfield>
  </datafield>
  <datafield tag="653" ind1="1" ind2=" ">
    <subfield code="a">gamma ray experiments</subfield>
    <subfield code="9">author</subfield>
  </datafield>
  <datafield tag="700" ind1=" " ind2=" ">
    <subfield code="a">Gaggero, Daniele</subfield>
    <subfield code="v">SISSA,  via Bonomea 265, 34136 Trieste, Italy</subfield>
    <subfield code="v">INFN, Sezione di Trieste,  via Valerio 2, 34127 Trieste, Italy</subfield>
    <subfield code="w">Italy</subfield>
  </datafield>
  <datafield tag="700" ind1=" " ind2=" ">
    <subfield code="a">Giesen, Gaëlle</subfield>
    <subfield code="v">Institut de Physique Théorique, CNRS URA2306 &amp; CEA-Saclay,  91191 Gif-sur-Yvette, France</subfield>
    <subfield code="w">France</subfield>
  </datafield>
  <datafield tag="700" ind1=" " ind2=" ">
    <subfield code="a">Taoso, Marco</subfield>
    <subfield code="v">Institut de Physique Théorique, CNRS URA2306 &amp; CEA-Saclay,  91191 Gif-sur-Yvette, France</subfield>
    <subfield code="w">France</subfield>
  </datafield>
  <datafield tag="700" ind1=" " ind2=" ">
    <subfield code="a">Urbano, Alfredo</subfield>
    <subfield code="v">SISSA,  via Bonomea 265, 34136 Trieste, Italy</subfield>
    <subfield code="w">Italy</subfield>
  </datafield>
  <datafield tag="773" ind1=" " ind2=" ">
    <subfield code="p">JCAP</subfield>
    <subfield code="v">1412</subfield>
    <subfield code="n">12</subfield>
    <subfield code="c">045</subfield>
    <subfield code="y">2014</subfield>
  </datafield>
  <datafield tag="856" ind1="4" ind2=" ">
    <subfield code="s">2266327</subfield>
    <subfield code="u">http://repo.scoap3.org/record/5268/files/fulltext.pdf</subfield>
  </datafield>
  <datafield tag="856" ind1="4" ind2=" ">
    <subfield code="s">73335</subfield>
    <subfield code="u">http://repo.scoap3.org/record/5268/files/fulltext.xml</subfield>
  </datafield>
  <datafield tag="909" ind1="C" ind2="O">
    <subfield code="o">oai:repo.scoap3.org:5268</subfield>
    <subfield code="p">GLOBAL_SET</subfield>
    <subfield code="p">JOURNAL_OF_COSMOLOGY_AND_ASTROPARTICLE_PHYSICS</subfield>
  </datafield>
  <datafield tag="980" ind1=" " ind2=" ">
    <subfield code="a">SCOAP3</subfield>
    <subfield code="b">IOP</subfield>
  </datafield>
</record>