
<record>
  <controlfield tag="001">5251</controlfield>
  <controlfield tag="005">20150408143440.0</controlfield>
  <datafield tag="022" ind1=" " ind2=" ">
    <subfield code="a">1475-7516</subfield>
  </datafield>
  <datafield tag="024" ind1="7" ind2=" ">
    <subfield code="a">10.1088/1475-7516/2014/12/039</subfield>
    <subfield code="2">DOI</subfield>
    <subfield code="t">2014-12-21T05:11:19Z</subfield>
  </datafield>
  <datafield tag="035" ind1=" " ind2=" ">
    <subfield code="a">1306261</subfield>
    <subfield code="9">INSPIRE</subfield>
  </datafield>
  <datafield tag="037" ind1=" " ind2=" ">
    <subfield code="a">arXiv:1407.3736</subfield>
    <subfield code="9">arXiv</subfield>
    <subfield code="a">arXiv:1407.3736</subfield>
  </datafield>
  <datafield tag="100" ind1=" " ind2=" ">
    <subfield code="a">Xu, Xun-Jie</subfield>
    <subfield code="v">Institute of Modern Physics and Center for High Energy Physics, Tsinghua University,   Beijing 100084, China</subfield>
    <subfield code="w">China</subfield>
  </datafield>
  <datafield tag="245" ind1=" " ind2=" ">
    <subfield code="a">
Constraining astrophysical neutrino flavor composition from leptonic unitarity</subfield>
  </datafield>
  <datafield tag="260" ind1=" " ind2=" ">
    <subfield code="c">2014-12-01</subfield>
    <subfield code="b">Institute of Physics Publishing/SISSA</subfield>
  </datafield>
  <datafield tag="520" ind1=" " ind2=" ">
    <subfield code="a">The recent IceCube observation of ultra-high-energy   astrophysical neutrinos has begun the era of neutrino   astronomy. In this work, using the unitarity of leptonic mixing   matrix, we derive nontrivial unitarity constraints on the flavor   composition of astrophysical neutrinos detected by IceCube. Applying   leptonic unitarity triangles, we deduce these unitarity bounds from   geometrical conditions, such as triangular inequalities. These new   bounds generally hold for three flavor neutrinos, and are   independent of any experimental input or the pattern of lepton   mixing. We apply our unitarity bounds to derive general constraints   on the flavor compositions for three types of astrophysical neutrino   sources (and their general mixture), and compare them with the   IceCube measurements.  Furthermore, we prove that for any sources   without ντ neutrinos, a detected νμ flux ratio &lt; 1/4 will require the initial flavor composition with more νe neutrinos than νμ neutrinos.</subfield>
  </datafield>
  <datafield tag="540" ind1=" " ind2=" ">
    <subfield code="a">CC-BY-3.0</subfield>
    <subfield code="u">http://creativecommons.org/licenses/by/3.0/</subfield>
  </datafield>
  <datafield tag="542" ind1=" " ind2=" ">
    <subfield code="f"></subfield>
  </datafield>
  <datafield tag="591" ind1=" " ind2=" ">
    <subfield code="a">CC:1</subfield>
  </datafield>
  <datafield tag="591" ind1=" " ind2=" ">
    <subfield code="a">Authors:1</subfield>
  </datafield>
  <datafield tag="591" ind1=" " ind2=" ">
    <subfield code="a">SCOAP3:1</subfield>
  </datafield>
  <datafield tag="591" ind1=" " ind2=" ">
    <subfield code="a">Category:1</subfield>
  </datafield>
  <datafield tag="653" ind1="1" ind2=" ">
    <subfield code="a">ultra high energy photons and neutrinos</subfield>
    <subfield code="9">author</subfield>
  </datafield>
  <datafield tag="653" ind1="1" ind2=" ">
    <subfield code="a">neutrino properties</subfield>
    <subfield code="9">author</subfield>
  </datafield>
  <datafield tag="653" ind1="1" ind2=" ">
    <subfield code="a">neutrino theory</subfield>
    <subfield code="9">author</subfield>
  </datafield>
  <datafield tag="700" ind1=" " ind2=" ">
    <subfield code="a">He, Hong-Jian</subfield>
    <subfield code="v">Institute of Modern Physics and Center for High Energy Physics, Tsinghua University,   Beijing 100084, China</subfield>
    <subfield code="v">Center for High Energy Physics, Peking University,   Beijing 100871, China</subfield>
    <subfield code="w">China</subfield>
  </datafield>
  <datafield tag="700" ind1=" " ind2=" ">
    <subfield code="a">Rodejohann, Werner</subfield>
    <subfield code="v">Max-Planck-Institut für Kernphysik,   Postfach 103980, D-69029 Heidelberg, Germany</subfield>
    <subfield code="w">Germany</subfield>
  </datafield>
  <datafield tag="773" ind1=" " ind2=" ">
    <subfield code="p">JCAP</subfield>
    <subfield code="v">1412</subfield>
    <subfield code="n">12</subfield>
    <subfield code="c">039</subfield>
    <subfield code="y">2014</subfield>
  </datafield>
  <datafield tag="856" ind1="4" ind2=" ">
    <subfield code="s">1000411</subfield>
    <subfield code="u">http://repo.scoap3.org/record/5251/files/fulltext.pdf</subfield>
  </datafield>
  <datafield tag="856" ind1="4" ind2=" ">
    <subfield code="s">72196</subfield>
    <subfield code="u">http://repo.scoap3.org/record/5251/files/fulltext.xml</subfield>
  </datafield>
  <datafield tag="909" ind1="C" ind2="O">
    <subfield code="o">oai:repo.scoap3.org:5251</subfield>
    <subfield code="p">GLOBAL_SET</subfield>
    <subfield code="p">PR China</subfield>
    <subfield code="p">JOURNAL_OF_COSMOLOGY_AND_ASTROPARTICLE_PHYSICS</subfield>
    <subfield code="p">PR_China</subfield>
  </datafield>
  <datafield tag="980" ind1=" " ind2=" ">
    <subfield code="a">SCOAP3</subfield>
    <subfield code="b">IOP</subfield>
  </datafield>
</record>