
<record>
  <controlfield tag="001">5138</controlfield>
  <controlfield tag="005">20150408143430.0</controlfield>
  <datafield tag="022" ind1=" " ind2=" ">
    <subfield code="a">1475-7516</subfield>
  </datafield>
  <datafield tag="024" ind1="7" ind2=" ">
    <subfield code="a">10.1088/1475-7516/2014/12/022</subfield>
    <subfield code="2">DOI</subfield>
    <subfield code="t">2014-12-13T03:13:34Z</subfield>
  </datafield>
  <datafield tag="035" ind1=" " ind2=" ">
    <subfield code="a">1306736</subfield>
    <subfield code="9">INSPIRE</subfield>
  </datafield>
  <datafield tag="037" ind1=" " ind2=" ">
    <subfield code="a">arXiv:1407.4686v2</subfield>
    <subfield code="9">arXiv</subfield>
  </datafield>
  <datafield tag="100" ind1=" " ind2=" ">
    <subfield code="a">Mosk, B.</subfield>
    <subfield code="v">Delta Institute for Theoretical Physics, Institute of Physics,  University of Amsterdam, Science Park 904, Amsterdam, the Netherlands</subfield>
    <subfield code="w">Netherlands</subfield>
  </datafield>
  <datafield tag="245" ind1=" " ind2=" ">
    <subfield code="a">
Chaotic inflation limits for non-minimal models with a Starobinsky attractor</subfield>
  </datafield>
  <datafield tag="260" ind1=" " ind2=" ">
    <subfield code="c">2014-12-01</subfield>
    <subfield code="b">Institute of Physics Publishing/SISSA</subfield>
  </datafield>
  <datafield tag="520" ind1=" " ind2=" ">
    <subfield code="a">We investigate inflationary attractor points by analysing non-minimally coupled single field inflation models in two opposite limits; the `flat' limit in which the first derivative of the conformal factor is small and the `steep' limit, in which the first derivative of the conformal factor is large. We consider a subset of models that yield Starobinsky inflation in the steep conformal factor, strong coupling, limit and demonstrate that they result in ϕ2n-chaotic inflation in the opposite flat, weak coupling, limit. The suppression of higher order powers of the inflaton field in the potential is shown to be related to the flatness condition on the conformal factor. We stress that the chaotic attractor behaviour in the weak coupling limit is of a different, less universal, character than the Starobinsky attractor.  Agreement with the COBE normalisation cannot be obtained in both attractor limits at the same time and in the chaotic attractor limit the scale of inflation depends on the details of the conformal factor, contrary to the strong coupling Starobinsky attractor.</subfield>
  </datafield>
  <datafield tag="540" ind1=" " ind2=" ">
    <subfield code="a">CC-BY-3.0</subfield>
    <subfield code="u">http://creativecommons.org/licenses/by/3.0/</subfield>
  </datafield>
  <datafield tag="542" ind1=" " ind2=" ">
    <subfield code="f"></subfield>
  </datafield>
  <datafield tag="591" ind1=" " ind2=" ">
    <subfield code="a">CC:1</subfield>
  </datafield>
  <datafield tag="591" ind1=" " ind2=" ">
    <subfield code="a">Authors:1</subfield>
  </datafield>
  <datafield tag="591" ind1=" " ind2=" ">
    <subfield code="a">SCOAP3:1</subfield>
  </datafield>
  <datafield tag="653" ind1="1" ind2=" ">
    <subfield code="a">string theory and cosmology</subfield>
    <subfield code="9">author</subfield>
  </datafield>
  <datafield tag="653" ind1="1" ind2=" ">
    <subfield code="a">inflation</subfield>
    <subfield code="9">author</subfield>
  </datafield>
  <datafield tag="653" ind1="1" ind2=" ">
    <subfield code="a">initial conditions and eternal universe</subfield>
    <subfield code="9">author</subfield>
  </datafield>
  <datafield tag="700" ind1=" " ind2=" ">
    <subfield code="a">Schaar, J.P. van der</subfield>
    <subfield code="v">Delta Institute for Theoretical Physics, Institute of Physics,  University of Amsterdam, Science Park 904, Amsterdam, the Netherlands</subfield>
    <subfield code="w">Netherlands</subfield>
  </datafield>
  <datafield tag="773" ind1=" " ind2=" ">
    <subfield code="p">JCAP</subfield>
    <subfield code="v">1412</subfield>
    <subfield code="n">12</subfield>
    <subfield code="c">022</subfield>
    <subfield code="y">2014</subfield>
  </datafield>
  <datafield tag="856" ind1="4" ind2=" ">
    <subfield code="s">61692</subfield>
    <subfield code="u">http://repo.scoap3.org/record/5138/files/fulltext.xml</subfield>
  </datafield>
  <datafield tag="856" ind1="4" ind2=" ">
    <subfield code="s">869138</subfield>
    <subfield code="u">http://repo.scoap3.org/record/5138/files/fulltext.pdf</subfield>
  </datafield>
  <datafield tag="909" ind1="C" ind2="O">
    <subfield code="o">oai:repo.scoap3.org:5138</subfield>
    <subfield code="p">GLOBAL_SET</subfield>
    <subfield code="p">JOURNAL_OF_COSMOLOGY_AND_ASTROPARTICLE_PHYSICS</subfield>
  </datafield>
  <datafield tag="980" ind1=" " ind2=" ">
    <subfield code="a">SCOAP3</subfield>
    <subfield code="b">IOP</subfield>
  </datafield>
</record>