
<record>
  <controlfield tag="001">5137</controlfield>
  <controlfield tag="005">20150408143430.0</controlfield>
  <datafield tag="022" ind1=" " ind2=" ">
    <subfield code="a">1475-7516</subfield>
  </datafield>
  <datafield tag="024" ind1="7" ind2=" ">
    <subfield code="a">10.1088/1475-7516/2014/12/025</subfield>
    <subfield code="2">DOI</subfield>
    <subfield code="t">2014-12-13T03:13:34Z</subfield>
  </datafield>
  <datafield tag="035" ind1=" " ind2=" ">
    <subfield code="a">1289013</subfield>
    <subfield code="9">INSPIRE</subfield>
  </datafield>
  <datafield tag="037" ind1=" " ind2=" ">
    <subfield code="a">arXiv:1404.1918</subfield>
    <subfield code="9">arXiv</subfield>
  </datafield>
  <datafield tag="100" ind1=" " ind2=" ">
    <subfield code="a">Gómez, M.A.</subfield>
    <subfield code="v">Dept. of Physics, University of Texas at Arlington,   Arlington, TX 76019, U.S.A.</subfield>
    <subfield code="w">USA</subfield>
  </datafield>
  <datafield tag="245" ind1=" " ind2=" ">
    <subfield code="a">
Dark matter on top</subfield>
  </datafield>
  <datafield tag="260" ind1=" " ind2=" ">
    <subfield code="c">2014-12-01</subfield>
    <subfield code="b">Institute of Physics Publishing/SISSA</subfield>
  </datafield>
  <datafield tag="520" ind1=" " ind2=" ">
    <subfield code="a">We consider a simplified model of fermionic dark matter   which couples exclusively to the right-handed top quark via a   renormalizable interaction with a color-charged scalar.  We first   compute the relic abundance of this type of dark matter and   investigate constraints placed on the model parameter space by the   latest direct detection data.  We also perform a detailed analysis   for the production of dark matter at the LHC for this model.  We   find several kinematic variables that allow for a clean signal   extraction and we show that the parameter space of this model will   be well probed during LHC Run-II.  Finally, we investigate the   possibility of detecting this type of dark matter via its   annihilations into gamma rays.  We compute the continuum and the   line emission (which includes a possible ''Higgs in Space!'' line)   and its possible discovery by future gamma-ray telescopes.  We find   that the annihilation spectrum has distinctive features which may   distinguish it from other models.</subfield>
  </datafield>
  <datafield tag="540" ind1=" " ind2=" ">
    <subfield code="a">CC-BY-3.0</subfield>
    <subfield code="u">http://creativecommons.org/licenses/by/3.0/</subfield>
  </datafield>
  <datafield tag="542" ind1=" " ind2=" ">
    <subfield code="f"></subfield>
  </datafield>
  <datafield tag="591" ind1=" " ind2=" ">
    <subfield code="a">CC:1</subfield>
  </datafield>
  <datafield tag="591" ind1=" " ind2=" ">
    <subfield code="a">Authors:1</subfield>
  </datafield>
  <datafield tag="591" ind1=" " ind2=" ">
    <subfield code="a">SCOAP3:1</subfield>
  </datafield>
  <datafield tag="591" ind1=" " ind2=" ">
    <subfield code="a">Category:1</subfield>
  </datafield>
  <datafield tag="653" ind1="1" ind2=" ">
    <subfield code="a">dark matter theory</subfield>
    <subfield code="9">author</subfield>
  </datafield>
  <datafield tag="653" ind1="1" ind2=" ">
    <subfield code="a">particle physics - cosmology connection</subfield>
    <subfield code="9">author</subfield>
  </datafield>
  <datafield tag="700" ind1=" " ind2=" ">
    <subfield code="a">Jackson, C.B.</subfield>
    <subfield code="v">Dept. of Physics, University of Texas at Arlington,   Arlington, TX 76019, U.S.A.</subfield>
    <subfield code="w">USA</subfield>
  </datafield>
  <datafield tag="700" ind1=" " ind2=" ">
    <subfield code="a">Shaughnessy, G.</subfield>
    <subfield code="v">Dept. of Physics, University of Wisconsin,   Madison, WI 53706, U.S.A.</subfield>
    <subfield code="w">USA</subfield>
  </datafield>
  <datafield tag="773" ind1=" " ind2=" ">
    <subfield code="p">JCAP</subfield>
    <subfield code="v">1412</subfield>
    <subfield code="n">12</subfield>
    <subfield code="c">025</subfield>
    <subfield code="y">2014</subfield>
  </datafield>
  <datafield tag="856" ind1="4" ind2=" ">
    <subfield code="s">4725924</subfield>
    <subfield code="u">http://repo.scoap3.org/record/5137/files/fulltext.pdf</subfield>
  </datafield>
  <datafield tag="856" ind1="4" ind2=" ">
    <subfield code="s">66650</subfield>
    <subfield code="u">http://repo.scoap3.org/record/5137/files/fulltext.xml</subfield>
  </datafield>
  <datafield tag="909" ind1="C" ind2="O">
    <subfield code="o">oai:repo.scoap3.org:5137</subfield>
    <subfield code="p">GLOBAL_SET</subfield>
    <subfield code="p">JOURNAL_OF_COSMOLOGY_AND_ASTROPARTICLE_PHYSICS</subfield>
  </datafield>
  <datafield tag="980" ind1=" " ind2=" ">
    <subfield code="a">SCOAP3</subfield>
    <subfield code="b">IOP</subfield>
  </datafield>
</record>