
<record>
  <controlfield tag="001">5136</controlfield>
  <controlfield tag="005">20150408143430.0</controlfield>
  <datafield tag="022" ind1=" " ind2=" ">
    <subfield code="a">1475-7516</subfield>
  </datafield>
  <datafield tag="024" ind1="7" ind2=" ">
    <subfield code="a">10.1088/1475-7516/2014/12/023</subfield>
    <subfield code="2">DOI</subfield>
    <subfield code="t">2014-12-13T03:13:34Z</subfield>
  </datafield>
  <datafield tag="035" ind1=" " ind2=" ">
    <subfield code="a">1306874</subfield>
    <subfield code="9">INSPIRE</subfield>
  </datafield>
  <datafield tag="037" ind1=" " ind2=" ">
    <subfield code="a">arXiv:1407.4814</subfield>
    <subfield code="9">arXiv</subfield>
  </datafield>
  <datafield tag="100" ind1=" " ind2=" ">
    <subfield code="a">Battarra, Lorenzo</subfield>
    <subfield code="v">Max-Planck-Institute for Gravitational Physics (Albert-Einstein-Institute),  Am Muehlenberg 1, D-14476 Potsdam-Golm, Germany</subfield>
    <subfield code="w">Germany</subfield>
  </datafield>
  <datafield tag="245" ind1=" " ind2=" ">
    <subfield code="a">
On the no-boundary proposal  for  ekpyrotic and cyclic cosmologies</subfield>
  </datafield>
  <datafield tag="260" ind1=" " ind2=" ">
    <subfield code="c">2014-12-01</subfield>
    <subfield code="b">Institute of Physics Publishing/SISSA</subfield>
  </datafield>
  <datafield tag="520" ind1=" " ind2=" ">
    <subfield code="a">The no-boundary proposal provides a compelling theory for   the initial conditions of our universe. We study the implications of   such initial conditions for ekpyrotic and cyclic cosmologies. These   cosmologies allow for the existence of a new type of ``ekpyrotic   instanton'', which describes the creation of a universe in the   ekpyrotic contraction phase. Remarkably, we find that the ekpyrotic   attractor can explain how the universe became classical. In a cyclic   context, in addition to the ekpyrotic instantons there exist de   Sitter-like instantons describing the emergence of the universe in   the dark energy phase. Our results show that typically the ekpyrotic   instantons yield a higher probability. In fact, in a potential   energy landscape allowing both inflationary and cyclic cosmologies,   the no-boundary proposal implies that the probability for ekpyrotic   and cyclic initial conditions is vastly higher than that for   inflationary ones.</subfield>
  </datafield>
  <datafield tag="540" ind1=" " ind2=" ">
    <subfield code="a">CC-BY-3.0</subfield>
    <subfield code="u">http://creativecommons.org/licenses/by/3.0/</subfield>
  </datafield>
  <datafield tag="542" ind1=" " ind2=" ">
    <subfield code="f"></subfield>
  </datafield>
  <datafield tag="591" ind1=" " ind2=" ">
    <subfield code="a">CC:1</subfield>
  </datafield>
  <datafield tag="591" ind1=" " ind2=" ">
    <subfield code="a">Authors:1</subfield>
  </datafield>
  <datafield tag="591" ind1=" " ind2=" ">
    <subfield code="a">SCOAP3:1</subfield>
  </datafield>
  <datafield tag="591" ind1=" " ind2=" ">
    <subfield code="a">Category:1</subfield>
  </datafield>
  <datafield tag="653" ind1="1" ind2=" ">
    <subfield code="a">alternatives to inflation</subfield>
    <subfield code="9">author</subfield>
  </datafield>
  <datafield tag="653" ind1="1" ind2=" ">
    <subfield code="a">quantum cosmology</subfield>
    <subfield code="9">author</subfield>
  </datafield>
  <datafield tag="700" ind1=" " ind2=" ">
    <subfield code="a">Lehners, Jean-Luc</subfield>
    <subfield code="v">Max-Planck-Institute for Gravitational Physics (Albert-Einstein-Institute),  Am Muehlenberg 1, D-14476 Potsdam-Golm, Germany</subfield>
    <subfield code="w">Germany</subfield>
  </datafield>
  <datafield tag="773" ind1=" " ind2=" ">
    <subfield code="p">JCAP</subfield>
    <subfield code="v">1412</subfield>
    <subfield code="n">12</subfield>
    <subfield code="c">023</subfield>
    <subfield code="y">2014</subfield>
  </datafield>
  <datafield tag="856" ind1="4" ind2=" ">
    <subfield code="s">104093</subfield>
    <subfield code="u">http://repo.scoap3.org/record/5136/files/fulltext.xml</subfield>
  </datafield>
  <datafield tag="856" ind1="4" ind2=" ">
    <subfield code="s">1901023</subfield>
    <subfield code="u">http://repo.scoap3.org/record/5136/files/fulltext.pdf</subfield>
  </datafield>
  <datafield tag="909" ind1="C" ind2="O">
    <subfield code="o">oai:repo.scoap3.org:5136</subfield>
    <subfield code="p">GLOBAL_SET</subfield>
    <subfield code="p">JOURNAL_OF_COSMOLOGY_AND_ASTROPARTICLE_PHYSICS</subfield>
  </datafield>
  <datafield tag="980" ind1=" " ind2=" ">
    <subfield code="a">SCOAP3</subfield>
    <subfield code="b">IOP</subfield>
  </datafield>
</record>