
<record>
  <controlfield tag="001">5062</controlfield>
  <controlfield tag="005">20150408143424.0</controlfield>
  <datafield tag="022" ind1=" " ind2=" ">
    <subfield code="a">1475-7516</subfield>
  </datafield>
  <datafield tag="024" ind1="7" ind2=" ">
    <subfield code="a">10.1088/1475-7516/2014/12/009</subfield>
    <subfield code="2">DOI</subfield>
    <subfield code="t">2014-12-08T09:58:26Z</subfield>
  </datafield>
  <datafield tag="035" ind1=" " ind2=" ">
    <subfield code="a">1286851</subfield>
    <subfield code="9">INSPIRE</subfield>
  </datafield>
  <datafield tag="037" ind1=" " ind2=" ">
    <subfield code="a">arXiv:1403.5766</subfield>
    <subfield code="9">arXiv</subfield>
  </datafield>
  <datafield tag="100" ind1=" " ind2=" ">
    <subfield code="a">Germani, Cristiano</subfield>
    <subfield code="v">Arnold Sommerfeld Center, Ludwig-Maximilians-Universit?t,  Theresienstr. 37, 80333 M?nchen, Germany</subfield>
    <subfield code="w">Germany</subfield>
  </datafield>
  <datafield tag="245" ind1=" " ind2=" ">
    <subfield code="a">
Self-unitarization of New Higgs Inflation and compatibility with Planck and BICEP2 data</subfield>
  </datafield>
  <datafield tag="260" ind1=" " ind2=" ">
    <subfield code="c">2014-12-01</subfield>
    <subfield code="b">Institute of Physics Publishing/SISSA</subfield>
  </datafield>
  <datafield tag="520" ind1=" " ind2=" ">
    <subfield code="a">In this paper we show that the Germani-Kehagias model of Higgs inflation (or New Higgs Inflation), where the Higgs boson is kinetically non-minimally coupled to the Einstein tensor is in perfect compatibility with the latest Planck and BICEP2 data. Moreover, we show that the tension between the Planck and BICEP2 data can be relieved within the New Higgs inflation scenario by a negative running of the spectral index. Regarding the unitarity of the model, we argue that it is unitary throughout the evolution of the Universe. Weak couplings in the Higgs-Higgs and Higgs-graviton sectors are provided by a large background dependent cut-off scale during inflation. In the same regime, the W and Z gauge bosons acquire a very large mass, thus decouple. On the other hand, if they are also non-minimally coupled to the Higgs boson, their effective masses can be enormously reduced. In this case, the W and Z bosons are no longer decoupled. After inflation, the New Higgs model is well approximated by a quartic Galileon with a renormalizable potential. We argue that this can unitarily create the right conditions for inflation to eventually start.</subfield>
  </datafield>
  <datafield tag="540" ind1=" " ind2=" ">
    <subfield code="a">CC-BY-3.0</subfield>
    <subfield code="u">http://creativecommons.org/licenses/by/3.0/</subfield>
  </datafield>
  <datafield tag="542" ind1=" " ind2=" ">
    <subfield code="f"></subfield>
  </datafield>
  <datafield tag="591" ind1=" " ind2=" ">
    <subfield code="a">CC:1</subfield>
  </datafield>
  <datafield tag="591" ind1=" " ind2=" ">
    <subfield code="a">Authors:0</subfield>
  </datafield>
  <datafield tag="591" ind1=" " ind2=" ">
    <subfield code="a">SCOAP3:1</subfield>
  </datafield>
  <datafield tag="591" ind1=" " ind2=" ">
    <subfield code="a">Category:1</subfield>
  </datafield>
  <datafield tag="653" ind1="1" ind2=" ">
    <subfield code="a">inflation</subfield>
    <subfield code="9">author</subfield>
  </datafield>
  <datafield tag="653" ind1="1" ind2=" ">
    <subfield code="a">quantum gravity phenomenology</subfield>
    <subfield code="9">author</subfield>
  </datafield>
  <datafield tag="653" ind1="1" ind2=" ">
    <subfield code="a">gravitational waves and CMBR polarization</subfield>
    <subfield code="9">author</subfield>
  </datafield>
  <datafield tag="653" ind1="1" ind2=" ">
    <subfield code="a">primordial gravitational waves  (theory)</subfield>
    <subfield code="9">author</subfield>
  </datafield>
  <datafield tag="700" ind1=" " ind2=" ">
    <subfield code="a">Watanabe, Yuki</subfield>
    <subfield code="v">Research Center for the Early Universe, University of Tokyo,  Tokyo 113-0033, Japan</subfield>
    <subfield code="w">Japan</subfield>
  </datafield>
  <datafield tag="700" ind1=" " ind2=" ">
    <subfield code="a">Wintergerst, Nico</subfield>
    <subfield code="v">Arnold Sommerfeld Center, Ludwig-Maximilians-Universit?t,  Theresienstr. 37, 80333 M?nchen, Germany</subfield>
    <subfield code="w">Germany</subfield>
  </datafield>
  <datafield tag="773" ind1=" " ind2=" ">
    <subfield code="p">JCAP</subfield>
    <subfield code="v">1412</subfield>
    <subfield code="n">12</subfield>
    <subfield code="c">009</subfield>
    <subfield code="y">2014</subfield>
  </datafield>
  <datafield tag="856" ind1="4" ind2=" ">
    <subfield code="s">53489</subfield>
    <subfield code="u">http://repo.scoap3.org/record/5062/files/fulltext.xml</subfield>
  </datafield>
  <datafield tag="856" ind1="4" ind2=" ">
    <subfield code="s">587755</subfield>
    <subfield code="u">http://repo.scoap3.org/record/5062/files/fulltext.pdf</subfield>
  </datafield>
  <datafield tag="909" ind1="C" ind2="O">
    <subfield code="o">oai:repo.scoap3.org:5062</subfield>
    <subfield code="p">GLOBAL_SET</subfield>
    <subfield code="p">JOURNAL_OF_COSMOLOGY_AND_ASTROPARTICLE_PHYSICS</subfield>
  </datafield>
  <datafield tag="980" ind1=" " ind2=" ">
    <subfield code="a">SCOAP3</subfield>
    <subfield code="b">IOP</subfield>
  </datafield>
</record>