
<record>
  <controlfield tag="001">5061</controlfield>
  <controlfield tag="005">20151125161036.0</controlfield>
  <datafield tag="022" ind1=" " ind2=" ">
    <subfield code="a">1475-7516</subfield>
  </datafield>
  <datafield tag="024" ind1="7" ind2=" ">
    <subfield code="a">10.1088/1475-7516/2014/12/010</subfield>
    <subfield code="2">DOI</subfield>
    <subfield code="t">2014-12-08T09:58:26Z</subfield>
  </datafield>
  <datafield tag="035" ind1=" " ind2=" ">
    <subfield code="a">1319297</subfield>
    <subfield code="9">INSPIRE</subfield>
  </datafield>
  <datafield tag="037" ind1=" " ind2=" ">
    <subfield code="a">arXiv:1409.7964</subfield>
    <subfield code="9">arXiv</subfield>
  </datafield>
  <datafield tag="100" ind1=" " ind2=" ">
    <subfield code="a">Fr?b, Markus B.</subfield>
    <subfield code="v">Departament de F?sica Fonamental, Institut de Ci?ncies del Cosmos (ICC),   Universitat de Barcelona (UB), C/ Mart? i Franqu?s 1, 08028 Barcelona, Spain</subfield>
    <subfield code="v">Institut f?r Theoretische Physik, Universit?t Leipzig,   Br?derstra?e 16, 04103 Leipzig, Germany</subfield>
    <subfield code="w">Germany</subfield>
    <subfield code="w">Spain</subfield>
  </datafield>
  <datafield tag="245" ind1=" " ind2=" ">
    <subfield code="a">
The Weyl tensor correlator in cosmological spacetimes</subfield>
  </datafield>
  <datafield tag="260" ind1=" " ind2=" ">
    <subfield code="c">2014-12-01</subfield>
    <subfield code="b">Institute of Physics Publishing/SISSA</subfield>
  </datafield>
  <datafield tag="520" ind1=" " ind2=" ">
    <subfield code="a">We give a general expression for the Weyl tensor two-point function in a general Friedmann-Lema?tre-Robertson-Walker spacetime. We work in reduced phase space for the perturbations, i.e., quantize only the dynamical degrees of freedom without adding any gauge-fixing term. The general formula is illustrated by a calculation in slow-roll single-field inflation to first order in the slow-roll parameters ? and ?, and the result is shown to have the correct de Sitter limit as ?,?????0. Furthermore, it is seen that the Weyl tensor correlation function in slow-roll does not suffer from infrared divergences, unlike the two-point functions of the metric and scalar field perturbations. Lastly, we show how to recover the usual tensor power spectrum from the Weyl tensor correlation function.</subfield>
  </datafield>
  <datafield tag="540" ind1=" " ind2=" ">
    <subfield code="a">CC-BY-3.0</subfield>
    <subfield code="u">http://creativecommons.org/licenses/by/3.0/</subfield>
  </datafield>
  <datafield tag="542" ind1=" " ind2=" ">
    <subfield code="f"></subfield>
  </datafield>
  <datafield tag="591" ind1=" " ind2=" ">
    <subfield code="a">CC:1</subfield>
  </datafield>
  <datafield tag="591" ind1=" " ind2=" ">
    <subfield code="a">Authors:1</subfield>
  </datafield>
  <datafield tag="591" ind1=" " ind2=" ">
    <subfield code="a">SCOAP3:1</subfield>
  </datafield>
  <datafield tag="591" ind1=" " ind2=" ">
    <subfield code="a">Category:1</subfield>
  </datafield>
  <datafield tag="653" ind1="1" ind2=" ">
    <subfield code="a">cosmological perturbation theory</subfield>
    <subfield code="9">author</subfield>
  </datafield>
  <datafield tag="653" ind1="1" ind2=" ">
    <subfield code="a">inflation</subfield>
    <subfield code="9">author</subfield>
  </datafield>
  <datafield tag="653" ind1="1" ind2=" ">
    <subfield code="a">power spectrum</subfield>
    <subfield code="9">author</subfield>
  </datafield>
  <datafield tag="653" ind1="1" ind2=" ">
    <subfield code="a">quantum field theory on curved space</subfield>
    <subfield code="9">author</subfield>
  </datafield>
  <datafield tag="773" ind1=" " ind2=" ">
    <subfield code="p">JCAP</subfield>
    <subfield code="v">1412</subfield>
    <subfield code="n">12</subfield>
    <subfield code="c">010</subfield>
    <subfield code="y">2014</subfield>
  </datafield>
  <datafield tag="856" ind1="4" ind2=" ">
    <subfield code="s">356822</subfield>
    <subfield code="u">http://repo.scoap3.org/record/5061/files/fulltext.pdf</subfield>
  </datafield>
  <datafield tag="856" ind1="4" ind2=" ">
    <subfield code="s">91453</subfield>
    <subfield code="u">http://repo.scoap3.org/record/5061/files/fulltext.xml</subfield>
  </datafield>
  <datafield tag="909" ind1="C" ind2="O">
    <subfield code="o">oai:repo.scoap3.org:5061</subfield>
    <subfield code="p">GLOBAL_SET</subfield>
    <subfield code="p">JOURNAL_OF_COSMOLOGY_AND_ASTROPARTICLE_PHYSICS</subfield>
  </datafield>
  <datafield tag="980" ind1=" " ind2=" ">
    <subfield code="a">SCOAP3</subfield>
    <subfield code="b">IOP</subfield>
  </datafield>
</record>