
<record>
  <controlfield tag="001">4950</controlfield>
  <controlfield tag="005">20151125160622.0</controlfield>
  <datafield tag="022" ind1=" " ind2=" ">
    <subfield code="a">1475-7516</subfield>
  </datafield>
  <datafield tag="024" ind1="7" ind2=" ">
    <subfield code="a">10.1088/1475-7516/2014/11/045</subfield>
    <subfield code="2">DOI</subfield>
    <subfield code="t">2014-11-30T03:14:53Z</subfield>
  </datafield>
  <datafield tag="035" ind1=" " ind2=" ">
    <subfield code="a">1292089</subfield>
    <subfield code="9">INSPIRE</subfield>
  </datafield>
  <datafield tag="037" ind1=" " ind2=" ">
    <subfield code="a">arXiv:1404.6236</subfield>
    <subfield code="9">arXiv</subfield>
  </datafield>
  <datafield tag="100" ind1=" " ind2=" ">
    <subfield code="a">Burgess, C.P.</subfield>
    <subfield code="v">PH-TH Division, CERN,   CH-1211, Genève 23, Switzerland</subfield>
    <subfield code="v">Department of Physics &amp; Astronomy, McMaster University,   1280 Main Street West, Hamilton ON, Canada</subfield>
    <subfield code="v">Perimeter Institute for Theoretical Physics,   31 Caroline Street North, Waterloo ON, Canada</subfield>
    <subfield code="w">CERN</subfield>
    <subfield code="w">Canada</subfield>
  </datafield>
  <datafield tag="245" ind1=" " ind2=" ">
    <subfield code="a">
Inflating with large effective fields</subfield>
  </datafield>
  <datafield tag="260" ind1=" " ind2=" ">
    <subfield code="c">2014-11-01</subfield>
    <subfield code="b">Institute of Physics Publishing/SISSA</subfield>
  </datafield>
  <datafield tag="520" ind1=" " ind2=" ">
    <subfield code="a">We re-examine large scalar fields within effective field   theory, in particular focussing on the issues raised by their use in   inflationary models (as suggested by BICEP2 to obtain primordial   tensor modes). We argue that when the large-field and low-energy   regimes coincide the scalar dynamics is most effectively described   in terms of an asymptotic large-field expansion whose form can be   dictated by approximate symmetries, which also help control the size   of quantum corrections. We discuss several possible symmetries that   can achieve this, including pseudo-Goldstone inflatons characterized by a coset G/H (based on abelian and non-abelian, compact and non-compact symmetries), as well as symmetries that are intrinsically higher dimensional. Besides the usual trigonometric potentials of Natural Inflation we also find in this way simple large-field power laws (like V ∝ ϕ2) and exponential potentials, V(ϕ) = ∑kVxe−kϕ/M. Both of these can describe the data well and give slow-roll inflation for large fields without the need for a precise balancing of terms in the potential. The exponential potentials achieve large r through the limit |η| ≪ ϵ and so predict r ≃ (8/3)(1-ns); consequently ns ≃ 0.96 gives r ≃ 0.11 but not much larger (and so could be ruled out as measurements on r and ns improve). We examine the naturalness issues for these   models and give simple examples where symmetries protect these   forms, using both pseudo-Goldstone inflatons (with non-abelian non-compact shift symmetries following familiar techniques from   chiral perturbation theory) and extra-dimensional models.</subfield>
  </datafield>
  <datafield tag="540" ind1=" " ind2=" ">
    <subfield code="a">CC-BY-3.0</subfield>
    <subfield code="u">http://creativecommons.org/licenses/by/3.0/</subfield>
  </datafield>
  <datafield tag="542" ind1=" " ind2=" ">
    <subfield code="f"></subfield>
  </datafield>
  <datafield tag="591" ind1=" " ind2=" ">
    <subfield code="a">CC:1</subfield>
  </datafield>
  <datafield tag="591" ind1=" " ind2=" ">
    <subfield code="a">Authors:1</subfield>
  </datafield>
  <datafield tag="591" ind1=" " ind2=" ">
    <subfield code="a">SCOAP3:1</subfield>
  </datafield>
  <datafield tag="591" ind1=" " ind2=" ">
    <subfield code="a">Category:1</subfield>
  </datafield>
  <datafield tag="653" ind1="1" ind2=" ">
    <subfield code="a">string theory and cosmology</subfield>
    <subfield code="9">author</subfield>
  </datafield>
  <datafield tag="653" ind1="1" ind2=" ">
    <subfield code="a">inflation</subfield>
    <subfield code="9">author</subfield>
  </datafield>
  <datafield tag="653" ind1="1" ind2=" ">
    <subfield code="a">cosmological applications of theories with extra dimensions</subfield>
    <subfield code="9">author</subfield>
  </datafield>
  <datafield tag="653" ind1="1" ind2=" ">
    <subfield code="a">transplanckian physics</subfield>
    <subfield code="9">author</subfield>
  </datafield>
  <datafield tag="700" ind1=" " ind2=" ">
    <subfield code="a">Cicoli, M.</subfield>
    <subfield code="v">Dipartimento di Fisica e Astronomia, Università di Bologna,   Via Irnerio 46, 40126 Bologna, Italy</subfield>
    <subfield code="v">INFN, Sezione di Bologna,   Via Irnerio 46, 40126 Bologna, Italy</subfield>
    <subfield code="v">Abdus Salam ICTP,   Strada Costiera 11, Trieste 34014, Italy</subfield>
    <subfield code="w">Italy</subfield>
  </datafield>
  <datafield tag="700" ind1=" " ind2=" ">
    <subfield code="a">Quevedo, F.</subfield>
    <subfield code="v">Abdus Salam ICTP,   Strada Costiera 11, Trieste 34014, Italy</subfield>
    <subfield code="v">DAMTP, University of Cambridge,   Wilberforce Road, Cambridge, CB3 0WA, U.K.</subfield>
    <subfield code="w">Italy</subfield>
    <subfield code="w">UK</subfield>
  </datafield>
  <datafield tag="700" ind1=" " ind2=" ">
    <subfield code="a">Williams, M.</subfield>
    <subfield code="v">Department of Physics &amp; Astronomy, McMaster University,   1280 Main Street West, Hamilton ON, Canada</subfield>
    <subfield code="v">Perimeter Institute for Theoretical Physics,   31 Caroline Street North, Waterloo ON, Canada</subfield>
    <subfield code="w">Canada</subfield>
  </datafield>
  <datafield tag="773" ind1=" " ind2=" ">
    <subfield code="p">JCAP</subfield>
    <subfield code="v">1411</subfield>
    <subfield code="n">11</subfield>
    <subfield code="c">045</subfield>
    <subfield code="y">2014</subfield>
  </datafield>
  <datafield tag="856" ind1="4" ind2=" ">
    <subfield code="s">748639</subfield>
    <subfield code="u">http://repo.scoap3.org/record/4950/files/fulltext.pdf</subfield>
  </datafield>
  <datafield tag="856" ind1="4" ind2=" ">
    <subfield code="s">99745</subfield>
    <subfield code="u">http://repo.scoap3.org/record/4950/files/fulltext.xml</subfield>
  </datafield>
  <datafield tag="909" ind1="C" ind2="O">
    <subfield code="o">oai:repo.scoap3.org:4950</subfield>
    <subfield code="p">GLOBAL_SET</subfield>
    <subfield code="p">JOURNAL_OF_COSMOLOGY_AND_ASTROPARTICLE_PHYSICS</subfield>
  </datafield>
  <datafield tag="980" ind1=" " ind2=" ">
    <subfield code="a">SCOAP3</subfield>
    <subfield code="b">IOP</subfield>
  </datafield>
</record>