
<record>
  <controlfield tag="001">4916</controlfield>
  <controlfield tag="005">20150408143404.0</controlfield>
  <datafield tag="022" ind1=" " ind2=" ">
    <subfield code="a">1475-7516</subfield>
  </datafield>
  <datafield tag="024" ind1="7" ind2=" ">
    <subfield code="a">10.1088/1475-7516/2014/11/043</subfield>
    <subfield code="2">DOI</subfield>
    <subfield code="t">2014-11-29T02:53:56Z</subfield>
  </datafield>
  <datafield tag="035" ind1=" " ind2=" ">
    <subfield code="a">1302798</subfield>
    <subfield code="9">INSPIRE</subfield>
  </datafield>
  <datafield tag="037" ind1=" " ind2=" ">
    <subfield code="a">arXiv:1406.6254</subfield>
    <subfield code="9">arXiv</subfield>
  </datafield>
  <datafield tag="100" ind1=" " ind2=" ">
    <subfield code="a">Fleury, Pierre</subfield>
    <subfield code="v">Institut d'Astrophysique de Paris, CNRS UMR 7095,  Université Pierre &amp; Marie Curie—Paris VI,  98 bis Bd Arago, 75014 Paris, France</subfield>
    <subfield code="v">Sorbonne Universités, Institut Lagrange de Paris,  98 bis, Bd Arago, 75014 Paris, France</subfield>
    <subfield code="w">France</subfield>
  </datafield>
  <datafield tag="245" ind1=" " ind2=" ">
    <subfield code="a">
On the stability and causality of scalar-vector theories</subfield>
  </datafield>
  <datafield tag="260" ind1=" " ind2=" ">
    <subfield code="c">2014-11-01</subfield>
    <subfield code="b">Institute of Physics Publishing/SISSA</subfield>
  </datafield>
  <datafield tag="520" ind1=" " ind2=" ">
    <subfield code="a">Various extensions of standard inflationary models have been   proposed recently by adding vector fields. Because they are   generally motivated by large-scale anomalies, and the possibility of   statistical anisotropy of primordial fluctuations, such models   require to introduce non-standard couplings between vector fields on the one hand, and either gravity or scalar fields on the other hand. In this article, we study models involving a vector field coupled to a scalar field. We derive restrictive necessary conditions for these models to be both stable (Hamiltonian bounded by below) and causal (hyperbolic equations of motion).</subfield>
  </datafield>
  <datafield tag="540" ind1=" " ind2=" ">
    <subfield code="a">CC-BY-3.0</subfield>
    <subfield code="u">http://creativecommons.org/licenses/by/3.0/</subfield>
  </datafield>
  <datafield tag="542" ind1=" " ind2=" ">
    <subfield code="f"></subfield>
  </datafield>
  <datafield tag="591" ind1=" " ind2=" ">
    <subfield code="a">CC:1</subfield>
  </datafield>
  <datafield tag="591" ind1=" " ind2=" ">
    <subfield code="a">Authors:1</subfield>
  </datafield>
  <datafield tag="591" ind1=" " ind2=" ">
    <subfield code="a">SCOAP3:1</subfield>
  </datafield>
  <datafield tag="591" ind1=" " ind2=" ">
    <subfield code="a">Category:1</subfield>
  </datafield>
  <datafield tag="653" ind1="1" ind2=" ">
    <subfield code="a">dark energy theory</subfield>
    <subfield code="9">author</subfield>
  </datafield>
  <datafield tag="653" ind1="1" ind2=" ">
    <subfield code="a">inflation</subfield>
    <subfield code="9">author</subfield>
  </datafield>
  <datafield tag="653" ind1="1" ind2=" ">
    <subfield code="a">primordial magnetic fields</subfield>
    <subfield code="9">author</subfield>
  </datafield>
  <datafield tag="653" ind1="1" ind2=" ">
    <subfield code="a">modified gravity</subfield>
    <subfield code="9">author</subfield>
  </datafield>
  <datafield tag="700" ind1=" " ind2=" ">
    <subfield code="a">Almeida, Juan P. Beltrán</subfield>
    <subfield code="v">Departamento de Física, Universidad Antonio Nariño,  Cra 3 Este # 47A-15, Bogotá DC, Colombia</subfield>
    <subfield code="w">Colombia</subfield>
  </datafield>
  <datafield tag="700" ind1=" " ind2=" ">
    <subfield code="a">Pitrou, Cyril</subfield>
    <subfield code="v">Institut d'Astrophysique de Paris, CNRS UMR 7095,  Université Pierre &amp; Marie Curie—Paris VI,  98 bis Bd Arago, 75014 Paris, France</subfield>
    <subfield code="v">Sorbonne Universités, Institut Lagrange de Paris,  98 bis, Bd Arago, 75014 Paris, France</subfield>
    <subfield code="w">France</subfield>
  </datafield>
  <datafield tag="700" ind1=" " ind2=" ">
    <subfield code="a">Uzan, Jean-Philippe</subfield>
    <subfield code="v">Institut d'Astrophysique de Paris, CNRS UMR 7095,  Université Pierre &amp; Marie Curie—Paris VI,  98 bis Bd Arago, 75014 Paris, France</subfield>
    <subfield code="v">Sorbonne Universités, Institut Lagrange de Paris,  98 bis, Bd Arago, 75014 Paris, France</subfield>
    <subfield code="w">France</subfield>
  </datafield>
  <datafield tag="773" ind1=" " ind2=" ">
    <subfield code="p">JCAP</subfield>
    <subfield code="v">1411</subfield>
    <subfield code="n">11</subfield>
    <subfield code="c">043</subfield>
    <subfield code="y">2014</subfield>
  </datafield>
  <datafield tag="856" ind1="4" ind2=" ">
    <subfield code="s">587181</subfield>
    <subfield code="u">http://repo.scoap3.org/record/4916/files/fulltext.pdf</subfield>
  </datafield>
  <datafield tag="856" ind1="4" ind2=" ">
    <subfield code="s">79324</subfield>
    <subfield code="u">http://repo.scoap3.org/record/4916/files/fulltext.xml</subfield>
  </datafield>
  <datafield tag="909" ind1="C" ind2="O">
    <subfield code="o">oai:repo.scoap3.org:4916</subfield>
    <subfield code="p">GLOBAL_SET</subfield>
    <subfield code="p">JOURNAL_OF_COSMOLOGY_AND_ASTROPARTICLE_PHYSICS</subfield>
  </datafield>
  <datafield tag="980" ind1=" " ind2=" ">
    <subfield code="a">SCOAP3</subfield>
    <subfield code="b">IOP</subfield>
  </datafield>
</record>