
<record>
  <controlfield tag="001">4799</controlfield>
  <controlfield tag="005">20151125160106.0</controlfield>
  <datafield tag="022" ind1=" " ind2=" ">
    <subfield code="a">1475-7516</subfield>
  </datafield>
  <datafield tag="024" ind1="7" ind2=" ">
    <subfield code="a">10.1088/1475-7516/2014/11/022</subfield>
    <subfield code="2">DOI</subfield>
    <subfield code="t">2014-11-19T03:19:37Z</subfield>
  </datafield>
  <datafield tag="035" ind1=" " ind2=" ">
    <subfield code="a">1306886</subfield>
    <subfield code="9">INSPIRE</subfield>
  </datafield>
  <datafield tag="037" ind1=" " ind2=" ">
    <subfield code="a">arXiv:1407.4982</subfield>
    <subfield code="9">arXiv</subfield>
  </datafield>
  <datafield tag="100" ind1=" " ind2=" ">
    <subfield code="a">Craps, Ben</subfield>
    <subfield code="v">Theoretische Natuurkunde, Vrije Universiteit Brussel, and International Solvay Institutes,   Pleinlaan 2, B-1050 Brussels, Belgium</subfield>
    <subfield code="v">Laboratoire de Physique Th?orique, Ecole Normale Sup?rieure,   24 rue Lhomond, F-75231 Paris Cedex 05, France</subfield>
    <subfield code="w">Belgium</subfield>
    <subfield code="w">France</subfield>
  </datafield>
  <datafield tag="245" ind1=" " ind2=" ">
    <subfield code="a">
Cosmological perturbations in non-local higher-derivative gravity</subfield>
  </datafield>
  <datafield tag="260" ind1=" " ind2=" ">
    <subfield code="c">2014-11-01</subfield>
    <subfield code="b">Institute of Physics Publishing/SISSA</subfield>
  </datafield>
  <datafield tag="520" ind1=" " ind2=" ">
    <subfield code="a">We study cosmological perturbations in a non-local higher-derivative model of  gravity introduced by Biswas, Mazumdar and Siegel. We extend previous work,  which had focused on classical scalar perturbations around a cosine hyperbolic  bounce solution, in three ways. First, we point out the existence of a  Starobinsky solution in this model, which is more attractive from a  phenomenological point of view (even though it has no bounce). Second, we study  classical vector and tensor pertuxsxrbations. Third, we show how to quantize scalar  and tensor perturbations in a de Sitter phase (for choices of parameters such  that the model is ghost-free). Our results show that the model is well-behaved  at this level, and are very similar to corresponding results in local f(R)  models. In particular, for the Starobinsky solution of non-local  higher-derivative gravity, we find the same tensor-to-scalar ratio as for the  conventional Starobinsky model.</subfield>
  </datafield>
  <datafield tag="540" ind1=" " ind2=" ">
    <subfield code="a">CC-BY-3.0</subfield>
    <subfield code="u">http://creativecommons.org/licenses/by/3.0/</subfield>
  </datafield>
  <datafield tag="542" ind1=" " ind2=" ">
    <subfield code="f"></subfield>
  </datafield>
  <datafield tag="591" ind1=" " ind2=" ">
    <subfield code="a">CC:1</subfield>
  </datafield>
  <datafield tag="591" ind1=" " ind2=" ">
    <subfield code="a">Authors:1</subfield>
  </datafield>
  <datafield tag="591" ind1=" " ind2=" ">
    <subfield code="a">SCOAP3:1</subfield>
  </datafield>
  <datafield tag="591" ind1=" " ind2=" ">
    <subfield code="a">Category:1</subfield>
  </datafield>
  <datafield tag="653" ind1="1" ind2=" ">
    <subfield code="a">cosmological perturbation theory</subfield>
    <subfield code="9">author</subfield>
  </datafield>
  <datafield tag="653" ind1="1" ind2=" ">
    <subfield code="a">inflation</subfield>
    <subfield code="9">author</subfield>
  </datafield>
  <datafield tag="653" ind1="1" ind2=" ">
    <subfield code="a">quantum cosmology</subfield>
    <subfield code="9">author</subfield>
  </datafield>
  <datafield tag="653" ind1="1" ind2=" ">
    <subfield code="a">modified gravity</subfield>
    <subfield code="9">author</subfield>
  </datafield>
  <datafield tag="700" ind1=" " ind2=" ">
    <subfield code="a">Jonckheere, Tim De</subfield>
    <subfield code="v">Theoretische Natuurkunde, Vrije Universiteit Brussel, and International Solvay Institutes,   Pleinlaan 2, B-1050 Brussels, Belgium</subfield>
    <subfield code="v">Ghent University, Department of Physics and Astronomy,   Krijgslaan 281-S9, 9000 Gent, Belgium</subfield>
    <subfield code="w">Belgium</subfield>
  </datafield>
  <datafield tag="700" ind1=" " ind2=" ">
    <subfield code="a">Koshelev, Alexey S.</subfield>
    <subfield code="v">Theoretische Natuurkunde, Vrije Universiteit Brussel, and International Solvay Institutes,   Pleinlaan 2, B-1050 Brussels, Belgium</subfield>
    <subfield code="w">Belgium</subfield>
  </datafield>
  <datafield tag="773" ind1=" " ind2=" ">
    <subfield code="p">JCAP</subfield>
    <subfield code="v">1411</subfield>
    <subfield code="n">11</subfield>
    <subfield code="c">022</subfield>
    <subfield code="y">2014</subfield>
  </datafield>
  <datafield tag="856" ind1="4" ind2=" ">
    <subfield code="s">336134</subfield>
    <subfield code="u">http://repo.scoap3.org/record/4799/files/fulltext.pdf</subfield>
  </datafield>
  <datafield tag="856" ind1="4" ind2=" ">
    <subfield code="s">72615</subfield>
    <subfield code="u">http://repo.scoap3.org/record/4799/files/fulltext.xml</subfield>
  </datafield>
  <datafield tag="909" ind1="C" ind2="O">
    <subfield code="o">oai:repo.scoap3.org:4799</subfield>
    <subfield code="p">GLOBAL_SET</subfield>
    <subfield code="p">JOURNAL_OF_COSMOLOGY_AND_ASTROPARTICLE_PHYSICS</subfield>
  </datafield>
  <datafield tag="980" ind1=" " ind2=" ">
    <subfield code="a">SCOAP3</subfield>
    <subfield code="b">IOP</subfield>
  </datafield>
</record>