
<record>
  <controlfield tag="001">4732</controlfield>
  <controlfield tag="005">20160114134658.0</controlfield>
  <datafield tag="022" ind1=" " ind2=" ">
    <subfield code="a">1475-7516</subfield>
  </datafield>
  <datafield tag="024" ind1="7" ind2=" ">
    <subfield code="a">10.1088/1475-7516/2014/11/014</subfield>
    <subfield code="2">DOI</subfield>
    <subfield code="t">2014-11-16T11:26:53Z</subfield>
  </datafield>
  <datafield tag="035" ind1=" " ind2=" ">
    <subfield code="a">1298788</subfield>
    <subfield code="9">INSPIRE</subfield>
  </datafield>
  <datafield tag="037" ind1=" " ind2=" ">
    <subfield code="a">arXiv:1406.0487</subfield>
    <subfield code="9">arXiv</subfield>
  </datafield>
  <datafield tag="100" ind1=" " ind2=" ">
    <subfield code="a">Ellis, John</subfield>
    <subfield code="v">Theoretical Particle Physics and Cosmology   Group,   Department of Physics, King's College London,  London WC2R   2LS, United Kingdom</subfield>
    <subfield code="v">Theory Division, CERN,   CH-1211 Geneva 23,  Switzerland</subfield>
    <subfield code="w">CERN</subfield>
    <subfield code="w">UK</subfield>
  </datafield>
  <datafield tag="245" ind1=" " ind2=" ">
    <subfield code="a">
D-flation</subfield>
  </datafield>
  <datafield tag="260" ind1=" " ind2=" ">
    <subfield code="c">2014-11-01</subfield>
    <subfield code="b">Institute of Physics Publishing/SISSA</subfield>
  </datafield>
  <datafield tag="520" ind1=" " ind2=" ">
    <subfield code="a">In a recent paper we showed how Starobinsky-like inflation   could emerge from dilaton dynamics in brane cosmology scenarios   based on string theory, in which our universe is represented as a   three-brane and the effective potential acquires a constant term   from a density of effectively point-like non-perturbative defects on   the brane: ``D-particles''. Here we explore how quantum fluctuations   of the ensemble of D-particles during the inflationary period may   modify the effective inflationary potential due to the dilaton.  We   then discuss two specific ways in which an enhanced ratio of tensor   to scalar perturbations may arise: via either a condensate of vector   fields with a Born-Infeld action that may be due to such recoil   fluctuations, or graviton production in the D-particle vacuum.</subfield>
  </datafield>
  <datafield tag="540" ind1=" " ind2=" ">
    <subfield code="a">CC-BY-3.0</subfield>
    <subfield code="u">http://creativecommons.org/licenses/by/3.0/</subfield>
  </datafield>
  <datafield tag="542" ind1=" " ind2=" ">
    <subfield code="f"></subfield>
  </datafield>
  <datafield tag="591" ind1=" " ind2=" ">
    <subfield code="a">CC:1</subfield>
  </datafield>
  <datafield tag="591" ind1=" " ind2=" ">
    <subfield code="a">Authors:1</subfield>
  </datafield>
  <datafield tag="591" ind1=" " ind2=" ">
    <subfield code="a">SCOAP3:1</subfield>
  </datafield>
  <datafield tag="591" ind1=" " ind2=" ">
    <subfield code="a">Category:1</subfield>
  </datafield>
  <datafield tag="653" ind1="1" ind2=" ">
    <subfield code="a">cosmology of theories beyond the SM</subfield>
    <subfield code="9">author</subfield>
  </datafield>
  <datafield tag="653" ind1="1" ind2=" ">
    <subfield code="a">alternatives to inflation</subfield>
    <subfield code="9">author</subfield>
  </datafield>
  <datafield tag="653" ind1="1" ind2=" ">
    <subfield code="a">modified gravity</subfield>
    <subfield code="9">author</subfield>
  </datafield>
  <datafield tag="700" ind1=" " ind2=" ">
    <subfield code="a">Mavromatos, Nick E.</subfield>
    <subfield code="v">Theoretical Particle Physics and Cosmology   Group,   Department of Physics, King's College London,  London WC2R   2LS, United Kingdom</subfield>
    <subfield code="v">Theory Division, CERN,   CH-1211 Geneva 23,  Switzerland</subfield>
    <subfield code="w">CERN</subfield>
    <subfield code="w">UK</subfield>
  </datafield>
  <datafield tag="700" ind1=" " ind2=" ">
    <subfield code="a">Nanopoulos, Dimitri V.</subfield>
    <subfield code="v">George P. and Cynthia W. Mitchell Institute for Fundamental Physics and Astronomy,  Texas A&amp;M University,  College Station, TX 77843, U.S.A.</subfield>
    <subfield code="v">Astroparticle Physics Group, Houston Advanced Research Center (HARC),   Mitchell Campus, Woodlands, TX 77381, U.S.A.</subfield>
    <subfield code="v">Academy of Athens, Division of Natural Sciences,  Athens 10679, Greece</subfield>
    <subfield code="w">USA</subfield>
    <subfield code="w">Greece</subfield>
  </datafield>
  <datafield tag="773" ind1=" " ind2=" ">
    <subfield code="p">JCAP</subfield>
    <subfield code="v">1411</subfield>
    <subfield code="n">11</subfield>
    <subfield code="c">014</subfield>
    <subfield code="y">2014</subfield>
  </datafield>
  <datafield tag="856" ind1="4" ind2=" ">
    <subfield code="s">689224</subfield>
    <subfield code="u">http://repo.scoap3.org/record/4732/files/fulltext.pdf</subfield>
  </datafield>
  <datafield tag="856" ind1="4" ind2=" ">
    <subfield code="s">70674</subfield>
    <subfield code="u">http://repo.scoap3.org/record/4732/files/fulltext.xml</subfield>
  </datafield>
  <datafield tag="909" ind1="C" ind2="O">
    <subfield code="o">oai:repo.scoap3.org:4732</subfield>
    <subfield code="p">GLOBAL_SET</subfield>
    <subfield code="p">JOURNAL_OF_COSMOLOGY_AND_ASTROPARTICLE_PHYSICS</subfield>
    <subfield code="p">CERN_SET</subfield>
  </datafield>
  <datafield tag="980" ind1=" " ind2=" ">
    <subfield code="a">SCOAP3</subfield>
    <subfield code="b">IOP</subfield>
  </datafield>
</record>