
<record>
  <controlfield tag="001">4731</controlfield>
  <controlfield tag="005">20151125152646.0</controlfield>
  <datafield tag="022" ind1=" " ind2=" ">
    <subfield code="a">1475-7516</subfield>
  </datafield>
  <datafield tag="024" ind1="7" ind2=" ">
    <subfield code="a">10.1088/1475-7516/2014/11/016</subfield>
    <subfield code="2">DOI</subfield>
    <subfield code="t">2014-11-16T11:26:53Z</subfield>
  </datafield>
  <datafield tag="035" ind1=" " ind2=" ">
    <subfield code="a">1297396</subfield>
    <subfield code="9">INSPIRE</subfield>
  </datafield>
  <datafield tag="037" ind1=" " ind2=" ">
    <subfield code="a">arXiv:1405.5213</subfield>
    <subfield code="9">arXiv</subfield>
  </datafield>
  <datafield tag="100" ind1=" " ind2=" ">
    <subfield code="a">de Rham, Claudia</subfield>
    <subfield code="v">CERCA/Department of Physics, Case Western Reserve University,   10900 Euclid Ave, Cleveland, OH 44106, U.S.A.</subfield>
    <subfield code="v">Perimeter Institute for Theoretical Physics,   31 Caroline St N, Waterloo, Ontario, N2L 6B9, Canada</subfield>
    <subfield code="w">Canada</subfield>
    <subfield code="w">USA</subfield>
  </datafield>
  <datafield tag="245" ind1=" " ind2=" ">
    <subfield code="a">
Riding on irrelevant operators</subfield>
  </datafield>
  <datafield tag="260" ind1=" " ind2=" ">
    <subfield code="c">2014-11-01</subfield>
    <subfield code="b">Institute of Physics Publishing/SISSA</subfield>
  </datafield>
  <datafield tag="520" ind1=" " ind2=" ">
    <subfield code="a">We investigate the stability of a class of derivative theories known as P(X) and Galileons against corrections generated by quantum effects. We use an exact renormalisation group approach to argue that these theories are stable under quantum corrections at all loops in regions where the kinetic term is large compared to the strong coupling scale. This is the regime of interest for screening or Vainshtein mechanisms, and in inflationary models that rely on large kinetic terms. Next, we clarify the role played by the symmetries. While symmetries protect the form of the quantum corrections, theories equipped with more symmetries do not necessarily have a broader range of scales for which they are valid. We show this by deriving explicitly the regime of validity of the classical solutions for P(X) theories including Dirac-Born-Infeld (DBI) models, both in generic and for specific background field configurations. Indeed, we find that despite the existence of an additional symmetry, the DBI effective field theory has a regime of validity similar to an arbitrary P(X) theory. We explore the implications of our results for both early and late universe contexts. Conversely, when applied to static and spherical screening mechanisms, we deduce that the regime of validity of typical power-law P(X) theories is much larger than that of DBI.</subfield>
  </datafield>
  <datafield tag="540" ind1=" " ind2=" ">
    <subfield code="a">CC-BY-3.0</subfield>
    <subfield code="u">http://creativecommons.org/licenses/by/3.0/</subfield>
  </datafield>
  <datafield tag="542" ind1=" " ind2=" ">
    <subfield code="f"></subfield>
  </datafield>
  <datafield tag="591" ind1=" " ind2=" ">
    <subfield code="a">CC:1</subfield>
  </datafield>
  <datafield tag="591" ind1=" " ind2=" ">
    <subfield code="a">Authors:1</subfield>
  </datafield>
  <datafield tag="591" ind1=" " ind2=" ">
    <subfield code="a">SCOAP3:1</subfield>
  </datafield>
  <datafield tag="591" ind1=" " ind2=" ">
    <subfield code="a">Category:1</subfield>
  </datafield>
  <datafield tag="653" ind1="1" ind2=" ">
    <subfield code="a">dark energy theory</subfield>
    <subfield code="9">author</subfield>
  </datafield>
  <datafield tag="653" ind1="1" ind2=" ">
    <subfield code="a">inflation</subfield>
    <subfield code="9">author</subfield>
  </datafield>
  <datafield tag="653" ind1="1" ind2=" ">
    <subfield code="a">modified gravity</subfield>
    <subfield code="9">author</subfield>
  </datafield>
  <datafield tag="700" ind1=" " ind2=" ">
    <subfield code="a">Ribeiro, Raquel H.</subfield>
    <subfield code="v">CERCA/Department of Physics, Case Western Reserve University,   10900 Euclid Ave, Cleveland, OH 44106, U.S.A.</subfield>
    <subfield code="v">Perimeter Institute for Theoretical Physics,   31 Caroline St N, Waterloo, Ontario, N2L 6B9, Canada</subfield>
    <subfield code="w">Canada</subfield>
    <subfield code="w">USA</subfield>
  </datafield>
  <datafield tag="773" ind1=" " ind2=" ">
    <subfield code="p">JCAP</subfield>
    <subfield code="v">1411</subfield>
    <subfield code="n">11</subfield>
    <subfield code="c">016</subfield>
    <subfield code="y">2014</subfield>
  </datafield>
  <datafield tag="856" ind1="4" ind2=" ">
    <subfield code="s">178941</subfield>
    <subfield code="u">http://repo.scoap3.org/record/4731/files/fulltext.xml</subfield>
  </datafield>
  <datafield tag="856" ind1="4" ind2=" ">
    <subfield code="s">816106</subfield>
    <subfield code="u">http://repo.scoap3.org/record/4731/files/fulltext.pdf</subfield>
  </datafield>
  <datafield tag="909" ind1="C" ind2="O">
    <subfield code="o">oai:repo.scoap3.org:4731</subfield>
    <subfield code="p">GLOBAL_SET</subfield>
    <subfield code="p">JOURNAL_OF_COSMOLOGY_AND_ASTROPARTICLE_PHYSICS</subfield>
  </datafield>
  <datafield tag="980" ind1=" " ind2=" ">
    <subfield code="a">SCOAP3</subfield>
    <subfield code="b">IOP</subfield>
  </datafield>
</record>