
<record>
  <controlfield tag="001">4662</controlfield>
  <controlfield tag="005">20150408143324.0</controlfield>
  <datafield tag="022" ind1=" " ind2=" ">
    <subfield code="a">1475-7516</subfield>
  </datafield>
  <datafield tag="024" ind1="7" ind2=" ">
    <subfield code="a">10.1088/1475-7516/2014/11/003</subfield>
    <subfield code="2">DOI</subfield>
    <subfield code="t">2014-11-07T17:53:12Z</subfield>
  </datafield>
  <datafield tag="035" ind1=" " ind2=" ">
    <subfield code="a">1287752</subfield>
    <subfield code="9">INSPIRE</subfield>
  </datafield>
  <datafield tag="037" ind1=" " ind2=" ">
    <subfield code="a">arXiv:1403.7323</subfield>
    <subfield code="9">arXiv</subfield>
  </datafield>
  <datafield tag="100" ind1=" " ind2=" ">
    <subfield code="a">Lyth, David H.</subfield>
    <subfield code="v">Consortium for Fundamental Physics,  Cosmology and Astroparticle Group, Department of Physics,  Lancaster University,  Lancaster LA1 4YB, U.K.</subfield>
    <subfield code="w">UK</subfield>
  </datafield>
  <datafield tag="245" ind1=" " ind2=" ">
    <subfield code="a">
BICEP2, the curvature perturbation and supersymmetry</subfield>
  </datafield>
  <datafield tag="260" ind1=" " ind2=" ">
    <subfield code="c">2014-11-01</subfield>
    <subfield code="b">Institute of Physics Publishing/SISSA</subfield>
  </datafield>
  <datafield tag="520" ind1=" " ind2=" ">
    <subfield code="a">The tensor fraction r???0.16 found by BICEP2   corresponds to a Hubble parameter H???1.0???1014 GeV   during inflation.  This has two implications for the (single-field)   slow-roll inflation hypothesis. First, the inflaton perturbation   must account for much more than 10% of the curvature perturbation   ?, which barring fine-tuning means that it accounts for   practically all of it. It follows that a curvaton-like mechanism for   generating ? requires an alternative to slow roll such as   k-inflation. Second, accepting slow-roll inflation, the excursion of   the inflaton field is at least of order Planck scale. As a result,   the flatness of the inflaton presumably requires a shift symmetry.   I point out that if such is the case, the resulting potential is   likely to have at least approximately the quadratic form suggested   in 1983 by Linde, which is known to be compatible with the observed   r as well as the observed spectral index ns.  The shift   symmetry does not require supersymmetry. Also, the big H may rule   out a GUT by restoring the symmetry and producing fatal cosmic   strings. The absence of a GUT would correspond to the absence of   superpartners for the Standard Model particles, which indeed have   yet to be found at the LHC.</subfield>
  </datafield>
  <datafield tag="540" ind1=" " ind2=" ">
    <subfield code="a">CC-BY-3.0</subfield>
    <subfield code="u">http://creativecommons.org/licenses/by/3.0/</subfield>
  </datafield>
  <datafield tag="542" ind1=" " ind2=" ">
    <subfield code="f"></subfield>
  </datafield>
  <datafield tag="591" ind1=" " ind2=" ">
    <subfield code="a">CC:1</subfield>
  </datafield>
  <datafield tag="591" ind1=" " ind2=" ">
    <subfield code="a">Authors:0</subfield>
  </datafield>
  <datafield tag="591" ind1=" " ind2=" ">
    <subfield code="a">SCOAP3:1</subfield>
  </datafield>
  <datafield tag="591" ind1=" " ind2=" ">
    <subfield code="a">Category:1</subfield>
  </datafield>
  <datafield tag="653" ind1="1" ind2=" ">
    <subfield code="a">inflation</subfield>
    <subfield code="9">author</subfield>
  </datafield>
  <datafield tag="653" ind1="1" ind2=" ">
    <subfield code="a">gravitational waves and CMBR polarization</subfield>
    <subfield code="9">author</subfield>
  </datafield>
  <datafield tag="653" ind1="1" ind2=" ">
    <subfield code="a">supersymmetry and cosmology</subfield>
    <subfield code="9">author</subfield>
  </datafield>
  <datafield tag="653" ind1="1" ind2=" ">
    <subfield code="a">primordial gravitational waves  (theory)</subfield>
    <subfield code="9">author</subfield>
  </datafield>
  <datafield tag="773" ind1=" " ind2=" ">
    <subfield code="p">JCAP</subfield>
    <subfield code="v">1411</subfield>
    <subfield code="n">11</subfield>
    <subfield code="c">003</subfield>
    <subfield code="y">2014</subfield>
  </datafield>
  <datafield tag="856" ind1="4" ind2=" ">
    <subfield code="s">221425</subfield>
    <subfield code="u">http://repo.scoap3.org/record/4662/files/fulltext.pdf</subfield>
  </datafield>
  <datafield tag="856" ind1="4" ind2=" ">
    <subfield code="s">30603</subfield>
    <subfield code="u">http://repo.scoap3.org/record/4662/files/fulltext.xml</subfield>
  </datafield>
  <datafield tag="909" ind1="C" ind2="O">
    <subfield code="o">oai:repo.scoap3.org:4662</subfield>
    <subfield code="p">GLOBAL_SET</subfield>
    <subfield code="p">JOURNAL_OF_COSMOLOGY_AND_ASTROPARTICLE_PHYSICS</subfield>
  </datafield>
  <datafield tag="980" ind1=" " ind2=" ">
    <subfield code="a">SCOAP3</subfield>
    <subfield code="b">IOP</subfield>
  </datafield>
</record>