
<record>
  <controlfield tag="001">4600</controlfield>
  <controlfield tag="005">20150408143318.0</controlfield>
  <datafield tag="022" ind1=" " ind2=" ">
    <subfield code="a">1475-7516</subfield>
  </datafield>
  <datafield tag="024" ind1="7" ind2=" ">
    <subfield code="a">10.1088/1475-7516/2014/10/082</subfield>
    <subfield code="2">DOI</subfield>
    <subfield code="t">2014-11-02T02:51:00Z</subfield>
  </datafield>
  <datafield tag="035" ind1=" " ind2=" ">
    <subfield code="a">1300771</subfield>
    <subfield code="9">INSPIRE</subfield>
  </datafield>
  <datafield tag="037" ind1=" " ind2=" ">
    <subfield code="a">arXiv:1406.4138</subfield>
    <subfield code="9">arXiv</subfield>
  </datafield>
  <datafield tag="100" ind1=" " ind2=" ">
    <subfield code="a">Bae, Kyu Jung</subfield>
    <subfield code="v">Department of Physics and Astronomy, University of Oklahoma,   440 West Brooks, Norman, OK 73019, U.S.A.</subfield>
    <subfield code="w">USA</subfield>
  </datafield>
  <datafield tag="245" ind1=" " ind2=" ">
    <subfield code="a">
Coupled Boltzmann computation of mixed 
axion neutralino dark matter in the SUSY DFSZ axion model</subfield>
  </datafield>
  <datafield tag="260" ind1=" " ind2=" ">
    <subfield code="c">2014-10-01</subfield>
    <subfield code="b">Institute of Physics Publishing/SISSA</subfield>
  </datafield>
  <datafield tag="520" ind1=" " ind2=" ">
    <subfield code="a">The supersymmetrized DFSZ axion model is highly motivated   not only because it offers solutions to both the gauge hierarchy and   strong CP problems, but also because it provides a solution to the   SUSY μ-problem which naturally allows for a Little Hierarchy.   We compute the expected mixed axion-neutralino dark matter abundance   for the SUSY DFSZ axion model in two benchmark cases—a natural   SUSY model with a standard neutralino underabundance (SUA) and an   mSUGRA/CMSSM model with a standard overabundance (SOA).  Our   computation implements coupled Boltzmann equations which track the   radiation density along with neutralino, axion, axion CO (produced   via coherent oscillations), saxion, saxion CO, axino and gravitino   densities.  In the SUSY DFSZ model, axions, axinos and saxions go   through the process of freeze-in—in contrast to freeze-out or   out-of-equilibrium production as in the SUSY KSVZ model—resulting   in thermal yields which are largely independent of the re-heat   temperature.  We find the SUA case with suppressed saxion-axion   couplings  0ξ=) only admits solutions for PQ breaking scale   fa≲ 6× 1012 GeV where the bulk of parameter space   tends to be axion-dominated.  For SUA with allowed saxion-axion   couplings  ξ =1), then fa values up to ∼ 1014 GeV are   allowed.  For the SOA case, almost all of SUSY DFSZ parameter space   is disallowed by a combination of overproduction of dark matter,   overproduction of dark radiation or violation of BBN constraints.   An exception occurs at very large fa∼ 1015- 1016 GeV   where large entropy dilution from CO-produced saxions leads to   allowed models.  </subfield>
  </datafield>
  <datafield tag="540" ind1=" " ind2=" ">
    <subfield code="a">CC-BY-3.0</subfield>
    <subfield code="u">http://creativecommons.org/licenses/by/3.0/</subfield>
  </datafield>
  <datafield tag="542" ind1=" " ind2=" ">
    <subfield code="f"></subfield>
  </datafield>
  <datafield tag="591" ind1=" " ind2=" ">
    <subfield code="a">CC:1</subfield>
  </datafield>
  <datafield tag="591" ind1=" " ind2=" ">
    <subfield code="a">Authors:1</subfield>
  </datafield>
  <datafield tag="591" ind1=" " ind2=" ">
    <subfield code="a">SCOAP3:1</subfield>
  </datafield>
  <datafield tag="591" ind1=" " ind2=" ">
    <subfield code="a">Category:1</subfield>
  </datafield>
  <datafield tag="653" ind1="1" ind2=" ">
    <subfield code="a">axions</subfield>
    <subfield code="9">author</subfield>
  </datafield>
  <datafield tag="653" ind1="1" ind2=" ">
    <subfield code="a">dark matter theory</subfield>
    <subfield code="9">author</subfield>
  </datafield>
  <datafield tag="653" ind1="1" ind2=" ">
    <subfield code="a">supersymmetry and cosmology</subfield>
    <subfield code="9">author</subfield>
  </datafield>
  <datafield tag="700" ind1=" " ind2=" ">
    <subfield code="a">Bae, Howard</subfield>
    <subfield code="v">Department of Physics and Astronomy, University of Oklahoma,   440 West Brooks, Norman, OK 73019, U.S.A.</subfield>
    <subfield code="w">USA</subfield>
  </datafield>
  <datafield tag="700" ind1=" " ind2=" ">
    <subfield code="a">Lessa, Andre</subfield>
    <subfield code="v">Instituto de Física, Universidade de São Paulo,   São Paulo – SP, Brazil</subfield>
    <subfield code="w">Brazil</subfield>
  </datafield>
  <datafield tag="700" ind1=" " ind2=" ">
    <subfield code="a">Serce, Hasan</subfield>
    <subfield code="v">Department of Physics and Astronomy, University of Oklahoma,   440 West Brooks, Norman, OK 73019, U.S.A.</subfield>
    <subfield code="w">USA</subfield>
  </datafield>
  <datafield tag="773" ind1=" " ind2=" ">
    <subfield code="p">JCAP</subfield>
    <subfield code="v">1410</subfield>
    <subfield code="n">10</subfield>
    <subfield code="c">082</subfield>
    <subfield code="y">2014</subfield>
  </datafield>
  <datafield tag="856" ind1="4" ind2=" ">
    <subfield code="s">3249894</subfield>
    <subfield code="u">http://repo.scoap3.org/record/4600/files/fulltext.pdf</subfield>
  </datafield>
  <datafield tag="856" ind1="4" ind2=" ">
    <subfield code="s">76830</subfield>
    <subfield code="u">http://repo.scoap3.org/record/4600/files/fulltext.xml</subfield>
  </datafield>
  <datafield tag="909" ind1="C" ind2="O">
    <subfield code="o">oai:repo.scoap3.org:4600</subfield>
    <subfield code="p">GLOBAL_SET</subfield>
    <subfield code="p">JOURNAL_OF_COSMOLOGY_AND_ASTROPARTICLE_PHYSICS</subfield>
  </datafield>
  <datafield tag="980" ind1=" " ind2=" ">
    <subfield code="a">SCOAP3</subfield>
    <subfield code="b">IOP</subfield>
  </datafield>
</record>