
<record>
  <controlfield tag="001">4591</controlfield>
  <controlfield tag="005">20151125152402.0</controlfield>
  <datafield tag="022" ind1=" " ind2=" ">
    <subfield code="a">1475-7516</subfield>
  </datafield>
  <datafield tag="024" ind1="7" ind2=" ">
    <subfield code="a">10.1088/1475-7516/2014/10/078</subfield>
    <subfield code="2">DOI</subfield>
    <subfield code="t">2014-11-01T22:50:54Z</subfield>
  </datafield>
  <datafield tag="035" ind1=" " ind2=" ">
    <subfield code="a">1301838</subfield>
    <subfield code="9">INSPIRE</subfield>
  </datafield>
  <datafield tag="037" ind1=" " ind2=" ">
    <subfield code="a">arXiv:1406.5377</subfield>
    <subfield code="9">arXiv</subfield>
  </datafield>
  <datafield tag="100" ind1=" " ind2=" ">
    <subfield code="a">Pettorino, Valeria</subfield>
    <subfield code="v">HGSFP and Institut für Theoretische Physik, Ruprecht-Karls-Universität Heidelberg, Philosophenweg 16,  Heidelberg, 69120 Germany</subfield>
    <subfield code="v">Département de Physique Théorique and Centre for Astroparticle Physics (CAP),  24 quai E. Ansermet,  Geneva, CH-1211 Switzerland</subfield>
    <subfield code="w">Switzerland</subfield>
    <subfield code="w">Germany</subfield>
  </datafield>
  <datafield tag="245" ind1=" " ind2=" ">
    <subfield code="a">
Can AMS-02 discriminate the origin of an anti-proton signal?</subfield>
  </datafield>
  <datafield tag="260" ind1=" " ind2=" ">
    <subfield code="c">2014-10-01</subfield>
    <subfield code="b">Institute of Physics Publishing/SISSA</subfield>
  </datafield>
  <datafield tag="520" ind1=" " ind2=" ">
    <subfield code="a">Indirect searches can be used to test dark matter  models against expected signals in various channels, in particular antiprotons. With antiproton data available soon at  higher and higher energies, it is important to test the dark matter hypothesis against alternative astrophysical sources, e.g. econdaries accelerated in supernova remnants. We investigate the two signals from different dark matter models and different supernova remnant parameters, as forecasted for the AMS-02, and show that they present a significant degeneracy.</subfield>
  </datafield>
  <datafield tag="540" ind1=" " ind2=" ">
    <subfield code="a">CC-BY-3.0</subfield>
    <subfield code="u">http://creativecommons.org/licenses/by/3.0/</subfield>
  </datafield>
  <datafield tag="542" ind1=" " ind2=" ">
    <subfield code="f"></subfield>
  </datafield>
  <datafield tag="591" ind1=" " ind2=" ">
    <subfield code="a">CC:1</subfield>
  </datafield>
  <datafield tag="591" ind1=" " ind2=" ">
    <subfield code="a">Authors:1</subfield>
  </datafield>
  <datafield tag="591" ind1=" " ind2=" ">
    <subfield code="a">SCOAP3:1</subfield>
  </datafield>
  <datafield tag="591" ind1=" " ind2=" ">
    <subfield code="a">Category:1</subfield>
  </datafield>
  <datafield tag="653" ind1="1" ind2=" ">
    <subfield code="a">dark matter detectors</subfield>
    <subfield code="9">author</subfield>
  </datafield>
  <datafield tag="653" ind1="1" ind2=" ">
    <subfield code="a">dark matter experiments</subfield>
    <subfield code="9">author</subfield>
  </datafield>
  <datafield tag="653" ind1="1" ind2=" ">
    <subfield code="a">dark matter theory</subfield>
    <subfield code="9">author</subfield>
  </datafield>
  <datafield tag="653" ind1="1" ind2=" ">
    <subfield code="a">supernova remnants</subfield>
    <subfield code="9">author</subfield>
  </datafield>
  <datafield tag="700" ind1=" " ind2=" ">
    <subfield code="a">Busoni, Giorgio</subfield>
    <subfield code="v">SISSA,  via Bonomea 265,  Trieste, I-34136 Italy</subfield>
    <subfield code="v">INFN, Sezione di Trieste,  via Bonomea 265,  Trieste, I-34136 Italy</subfield>
    <subfield code="w">Italy</subfield>
  </datafield>
  <datafield tag="700" ind1=" " ind2=" ">
    <subfield code="a">Simone, Andrea De</subfield>
    <subfield code="v">SISSA,  via Bonomea 265,  Trieste, I-34136 Italy</subfield>
    <subfield code="v">INFN, Sezione di Trieste,  via Bonomea 265,  Trieste, I-34136 Italy</subfield>
    <subfield code="w">Italy</subfield>
  </datafield>
  <datafield tag="700" ind1=" " ind2=" ">
    <subfield code="a">Morgante, Enrico</subfield>
    <subfield code="v">Département de Physique Théorique and Centre for Astroparticle Physics (CAP),  24 quai E. Ansermet,  Geneva, CH-1211 Switzerland</subfield>
    <subfield code="w">Switzerland</subfield>
  </datafield>
  <datafield tag="700" ind1=" " ind2=" ">
    <subfield code="a">Riotto, Antonio</subfield>
    <subfield code="v">Département de Physique Théorique and Centre for Astroparticle Physics (CAP),  24 quai E. Ansermet,  Geneva, CH-1211 Switzerland</subfield>
    <subfield code="w">Switzerland</subfield>
  </datafield>
  <datafield tag="700" ind1=" " ind2=" ">
    <subfield code="a">Xue, Wei</subfield>
    <subfield code="v">INFN, Sezione di Trieste,  via Bonomea 265,  Trieste, I-34136 Italy</subfield>
    <subfield code="v">SISSA,  via Bonomea 265,  Trieste, I-34136 Italy</subfield>
    <subfield code="w">Italy</subfield>
  </datafield>
  <datafield tag="773" ind1=" " ind2=" ">
    <subfield code="p">JCAP</subfield>
    <subfield code="v">1410</subfield>
    <subfield code="n">10</subfield>
    <subfield code="c">078</subfield>
    <subfield code="y">2014</subfield>
  </datafield>
  <datafield tag="856" ind1="4" ind2=" ">
    <subfield code="s">1571937</subfield>
    <subfield code="u">http://repo.scoap3.org/record/4591/files/fulltext.pdf</subfield>
  </datafield>
  <datafield tag="856" ind1="4" ind2=" ">
    <subfield code="s">46724</subfield>
    <subfield code="u">http://repo.scoap3.org/record/4591/files/fulltext.xml</subfield>
  </datafield>
  <datafield tag="909" ind1="C" ind2="O">
    <subfield code="o">oai:repo.scoap3.org:4591</subfield>
    <subfield code="p">GLOBAL_SET</subfield>
    <subfield code="p">JOURNAL_OF_COSMOLOGY_AND_ASTROPARTICLE_PHYSICS</subfield>
  </datafield>
  <datafield tag="980" ind1=" " ind2=" ">
    <subfield code="a">SCOAP3</subfield>
    <subfield code="b">IOP</subfield>
  </datafield>
</record>