
<record>
  <controlfield tag="001">4536</controlfield>
  <controlfield tag="005">20150408143307.0</controlfield>
  <datafield tag="022" ind1=" " ind2=" ">
    <subfield code="a">1475-7516</subfield>
  </datafield>
  <datafield tag="024" ind1="7" ind2=" ">
    <subfield code="a">10.1088/1475-7516/2014/10/067</subfield>
    <subfield code="2">DOI</subfield>
    <subfield code="t">2014-10-30T14:02:08Z</subfield>
  </datafield>
  <datafield tag="035" ind1=" " ind2=" ">
    <subfield code="a">1263343</subfield>
    <subfield code="9">INSPIRE</subfield>
  </datafield>
  <datafield tag="037" ind1=" " ind2=" ">
    <subfield code="a">arXiv:1311.1035</subfield>
    <subfield code="9">arXiv</subfield>
  </datafield>
  <datafield tag="100" ind1=" " ind2=" ">
    <subfield code="a">Baek, Seungwon</subfield>
    <subfield code="v">School of Physics, KIAS,  Seoul 130-722, Korea</subfield>
    <subfield code="w">South Korea</subfield>
  </datafield>
  <datafield tag="245" ind1=" " ind2=" ">
    <subfield code="a">
Hidden sector monopole, vector dark matter and dark radiation with Higgs portal</subfield>
  </datafield>
  <datafield tag="260" ind1=" " ind2=" ">
    <subfield code="c">2014-10-01</subfield>
    <subfield code="b">Institute of Physics Publishing/SISSA</subfield>
  </datafield>
  <datafield tag="520" ind1=" " ind2=" ">
    <subfield code="a">We show that the 't Hooft-Polyakov monopole model in the hidden sector  with Higgs portal interaction makes a viable dark matter model, where monopole and  massive vector dark matter (VDM) are stable due to topological conservation and the unbroken   subgroup U(1 X.   We show that, even though observed CMB data requires the dark gauge coupling to be  quite small, a right amount of VDM thermal relic can be obtained via s-channel resonant annihilation for the mass of VDM close to or smaller than the half of SM higgs mass,  thanks to Higgs portal interaction. Monopole relic density turns out to be several orders of magnitude smaller than the observed  dark matter relic density. Direct detection experiments, particularly, the projected XENON1T experiment, may probe  the parameter space where the dark Higgs is lighter than ≲ 50 GeV.  In addition, the dark photon associated with the unbroken U(1 X contributes to the radiation energy density at present, giving Δ Neffν ∼ 0.1 as the extra relativistic  neutrino species.</subfield>
  </datafield>
  <datafield tag="540" ind1=" " ind2=" ">
    <subfield code="a">CC-BY-3.0</subfield>
    <subfield code="u">http://creativecommons.org/licenses/by/3.0/</subfield>
  </datafield>
  <datafield tag="542" ind1=" " ind2=" ">
    <subfield code="f"></subfield>
  </datafield>
  <datafield tag="591" ind1=" " ind2=" ">
    <subfield code="a">CC:1</subfield>
  </datafield>
  <datafield tag="591" ind1=" " ind2=" ">
    <subfield code="a">Authors:1</subfield>
  </datafield>
  <datafield tag="591" ind1=" " ind2=" ">
    <subfield code="a">SCOAP3:1</subfield>
  </datafield>
  <datafield tag="591" ind1=" " ind2=" ">
    <subfield code="a">Category:1</subfield>
  </datafield>
  <datafield tag="653" ind1="1" ind2=" ">
    <subfield code="a">cosmology of theories beyond the SM</subfield>
    <subfield code="9">author</subfield>
  </datafield>
  <datafield tag="653" ind1="1" ind2=" ">
    <subfield code="a">dark matter theory</subfield>
    <subfield code="9">author</subfield>
  </datafield>
  <datafield tag="653" ind1="1" ind2=" ">
    <subfield code="a">particle physics - cosmology connection</subfield>
    <subfield code="9">author</subfield>
  </datafield>
  <datafield tag="700" ind1=" " ind2=" ">
    <subfield code="a">Ko, P.</subfield>
    <subfield code="v">School of Physics, KIAS,  Seoul 130-722, Korea</subfield>
    <subfield code="w">South Korea</subfield>
  </datafield>
  <datafield tag="700" ind1=" " ind2=" ">
    <subfield code="a">Park, Wan-Il</subfield>
    <subfield code="v">School of Physics, KIAS,  Seoul 130-722, Korea</subfield>
    <subfield code="w">South Korea</subfield>
  </datafield>
  <datafield tag="773" ind1=" " ind2=" ">
    <subfield code="p">JCAP</subfield>
    <subfield code="v">1410</subfield>
    <subfield code="n">10</subfield>
    <subfield code="c">067</subfield>
    <subfield code="y">2014</subfield>
  </datafield>
  <datafield tag="856" ind1="4" ind2=" ">
    <subfield code="s">59598</subfield>
    <subfield code="u">http://repo.scoap3.org/record/4536/files/fulltext.xml</subfield>
  </datafield>
  <datafield tag="856" ind1="4" ind2=" ">
    <subfield code="s">815330</subfield>
    <subfield code="u">http://repo.scoap3.org/record/4536/files/fulltext.pdf</subfield>
  </datafield>
  <datafield tag="909" ind1="C" ind2="O">
    <subfield code="o">oai:repo.scoap3.org:4536</subfield>
    <subfield code="p">GLOBAL_SET</subfield>
    <subfield code="p">JOURNAL_OF_COSMOLOGY_AND_ASTROPARTICLE_PHYSICS</subfield>
  </datafield>
  <datafield tag="980" ind1=" " ind2=" ">
    <subfield code="a">SCOAP3</subfield>
    <subfield code="b">IOP</subfield>
  </datafield>
</record>