
<record>
  <controlfield tag="001">4535</controlfield>
  <controlfield tag="005">20150408143307.0</controlfield>
  <datafield tag="022" ind1=" " ind2=" ">
    <subfield code="a">1475-7516</subfield>
  </datafield>
  <datafield tag="024" ind1="7" ind2=" ">
    <subfield code="a">10.1088/1475-7516/2014/10/068</subfield>
    <subfield code="2">DOI</subfield>
    <subfield code="t">2014-10-30T14:02:08Z</subfield>
  </datafield>
  <datafield tag="035" ind1=" " ind2=" ">
    <subfield code="a">1315289</subfield>
    <subfield code="9">INSPIRE</subfield>
  </datafield>
  <datafield tag="037" ind1=" " ind2=" ">
    <subfield code="a">arXiv:1409.1669</subfield>
    <subfield code="9">arXiv</subfield>
  </datafield>
  <datafield tag="100" ind1=" " ind2=" ">
    <subfield code="a">Harigaya, Keisuke</subfield>
    <subfield code="v">Kavli IPMU (WPI), TODIAS, The University of Tokyo,  5-1-5 Kashiwanoha, Kashiwa, 277-8583, Japan</subfield>
    <subfield code="w">Japan</subfield>
  </datafield>
  <datafield tag="245" ind1=" " ind2=" ">
    <subfield code="a">
CDM/baryon isocurvature perturbations in a sneutrino curvaton model</subfield>
  </datafield>
  <datafield tag="260" ind1=" " ind2=" ">
    <subfield code="c">2014-10-01</subfield>
    <subfield code="b">Institute of Physics Publishing/SISSA</subfield>
  </datafield>
  <datafield tag="520" ind1=" " ind2=" ">
    <subfield code="a">Matter isocurvature perturbations are strictly constrained  from cosmic microwave background observations.  We study a sneutrino curvaton model  where both cold dark matter (CDM)/baryon isocurvature perturbations are generated.  In our model, total matter isocurvature perturbations are reduced since the CDM/baryon isocurvature perturbations compensate for each other.  We show that this model can not only avoid the stringent observational constraints  but also suppress temperature anisotropies on large scales,  which leads to improved agreement with observations. </subfield>
  </datafield>
  <datafield tag="540" ind1=" " ind2=" ">
    <subfield code="a">CC-BY-3.0</subfield>
    <subfield code="u">http://creativecommons.org/licenses/by/3.0/</subfield>
  </datafield>
  <datafield tag="542" ind1=" " ind2=" ">
    <subfield code="f"></subfield>
  </datafield>
  <datafield tag="591" ind1=" " ind2=" ">
    <subfield code="a">CC:1</subfield>
  </datafield>
  <datafield tag="591" ind1=" " ind2=" ">
    <subfield code="a">Authors:1</subfield>
  </datafield>
  <datafield tag="591" ind1=" " ind2=" ">
    <subfield code="a">SCOAP3:1</subfield>
  </datafield>
  <datafield tag="591" ind1=" " ind2=" ">
    <subfield code="a">Category:1</subfield>
  </datafield>
  <datafield tag="653" ind1="1" ind2=" ">
    <subfield code="a">baryon asymmetry</subfield>
    <subfield code="9">author</subfield>
  </datafield>
  <datafield tag="653" ind1="1" ind2=" ">
    <subfield code="a">leptogenesis</subfield>
    <subfield code="9">author</subfield>
  </datafield>
  <datafield tag="653" ind1="1" ind2=" ">
    <subfield code="a">supersymmetry and cosmology</subfield>
    <subfield code="9">author</subfield>
  </datafield>
  <datafield tag="653" ind1="1" ind2=" ">
    <subfield code="a">particle physics - cosmology connection</subfield>
    <subfield code="9">author</subfield>
  </datafield>
  <datafield tag="700" ind1=" " ind2=" ">
    <subfield code="a">Hayakawa, Taku</subfield>
    <subfield code="v">Institute for Cosmic Ray Research, The University of Tokyo,  5-1-5 Kashiwanoha, Kashiwa, Chiba 277-8582, Japan</subfield>
    <subfield code="w">Japan</subfield>
  </datafield>
  <datafield tag="700" ind1=" " ind2=" ">
    <subfield code="a">Kawasaki, Masahiro</subfield>
    <subfield code="v">Kavli IPMU (WPI), TODIAS, The University of Tokyo,  5-1-5 Kashiwanoha, Kashiwa, 277-8583, Japan</subfield>
    <subfield code="v">Institute for Cosmic Ray Research, The University of Tokyo,  5-1-5 Kashiwanoha, Kashiwa, Chiba 277-8582, Japan</subfield>
    <subfield code="w">Japan</subfield>
  </datafield>
  <datafield tag="700" ind1=" " ind2=" ">
    <subfield code="a">Yokoyama, Shuichiro</subfield>
    <subfield code="v">Institute for Cosmic Ray Research, The University of Tokyo,  5-1-5 Kashiwanoha, Kashiwa, Chiba 277-8582, Japan</subfield>
    <subfield code="v">Department of Physics, Rikkyo University,  3-34-1 Nishi-Ikebukuro, Toshima, Tokyo 223-8521, Japan</subfield>
    <subfield code="w">Japan</subfield>
  </datafield>
  <datafield tag="773" ind1=" " ind2=" ">
    <subfield code="p">JCAP</subfield>
    <subfield code="v">1410</subfield>
    <subfield code="n">10</subfield>
    <subfield code="c">068</subfield>
    <subfield code="y">2014</subfield>
  </datafield>
  <datafield tag="856" ind1="4" ind2=" ">
    <subfield code="s">344566</subfield>
    <subfield code="u">http://repo.scoap3.org/record/4535/files/fulltext.pdf</subfield>
  </datafield>
  <datafield tag="856" ind1="4" ind2=" ">
    <subfield code="s">54981</subfield>
    <subfield code="u">http://repo.scoap3.org/record/4535/files/fulltext.xml</subfield>
  </datafield>
  <datafield tag="909" ind1="C" ind2="O">
    <subfield code="o">oai:repo.scoap3.org:4535</subfield>
    <subfield code="p">GLOBAL_SET</subfield>
    <subfield code="p">JOURNAL_OF_COSMOLOGY_AND_ASTROPARTICLE_PHYSICS</subfield>
  </datafield>
  <datafield tag="980" ind1=" " ind2=" ">
    <subfield code="a">SCOAP3</subfield>
    <subfield code="b">IOP</subfield>
  </datafield>
</record>