
<record>
  <controlfield tag="001">4534</controlfield>
  <controlfield tag="005">20151125152149.0</controlfield>
  <datafield tag="022" ind1=" " ind2=" ">
    <subfield code="a">1475-7516</subfield>
  </datafield>
  <datafield tag="024" ind1="7" ind2=" ">
    <subfield code="a">10.1088/1475-7516/2014/10/069</subfield>
    <subfield code="2">DOI</subfield>
    <subfield code="t">2014-10-30T14:02:08Z</subfield>
  </datafield>
  <datafield tag="035" ind1=" " ind2=" ">
    <subfield code="a">1303870</subfield>
    <subfield code="9">INSPIRE</subfield>
  </datafield>
  <datafield tag="037" ind1=" " ind2=" ">
    <subfield code="a">arXiv:1406.7712</subfield>
    <subfield code="9">arXiv</subfield>
  </datafield>
  <datafield tag="100" ind1=" " ind2=" ">
    <subfield code="a">Bertolami, M.M. Miller</subfield>
    <subfield code="v">Max-Planck-Institut für Astrophysik,  Karl-Schwarzschild-Str. 1, 85748, Garching, Germany</subfield>
    <subfield code="v">Instituto de Astrofísica de La Plata, UNLP-CONICET,  Paseo del Bosque s/n, 1900 La Plata, Argentina</subfield>
    <subfield code="w">Argentina</subfield>
    <subfield code="w">Germany</subfield>
  </datafield>
  <datafield tag="245" ind1=" " ind2=" ">
    <subfield code="a">
Revisiting the axion bounds from the Galactic white dwarf luminosity
  function</subfield>
  </datafield>
  <datafield tag="260" ind1=" " ind2=" ">
    <subfield code="c">2014-10-01</subfield>
    <subfield code="b">Institute of Physics Publishing/SISSA</subfield>
  </datafield>
  <datafield tag="520" ind1=" " ind2=" ">
    <subfield code="a">It has been shown that the shape of the luminosity function of white   dwarfs (WDLF) is a powerful tool to check for the possible existence of   DFSZ-axions, a proposed but not yet detected type of weakly interacting   particles. With the aim of deriving new constraints on the axion mass, we   compute in this paper new theoretical WDLFs on the basis of WD evolving   models that incorporate the feedback of axions on the thermal structure   of the white dwarf.  We find that the impact of the axion emission into the   neutrino emission can not be neglected at high luminosities  M Bol≲ 8) and that the axion emission needs to be incorporated   self-consistently into the evolution of the white dwarfs when dealing with   axion masses larger than ma cos 2β≳ 5 meV (i.e. axion-electron   coupling constant gae≳ 1.4× 10-13).  We went beyond   previous works by including 5 different derivations of the WDLF in our   analysis. Then we have performed χ2-tests to have a quantitative   measure of the agreement between the theoretical WDLFs — computed under   the assumptions of different axion masses and normalization methods --- and   the observed WDLFs of the Galactic disk. While all the WDLF studied in this   work disfavour axion masses in the range suggested by asteroseismology    ma cos 2β≳ 10 meV; gae≳ 2.8× 10-13) lower   axion masses can not be discarded from our current knowledge of the WDLF of   the Galactic Disk. A larger set of completely independent derivations of the   WDLF of the galactic disk as well as a detailed study of the uncertainties   of the theoretical WDLFs is needed before quantitative constraints on the   axion-electron coupling constant can be made.</subfield>
  </datafield>
  <datafield tag="540" ind1=" " ind2=" ">
    <subfield code="a">CC-BY-3.0</subfield>
    <subfield code="u">http://creativecommons.org/licenses/by/3.0/</subfield>
  </datafield>
  <datafield tag="542" ind1=" " ind2=" ">
    <subfield code="f"></subfield>
  </datafield>
  <datafield tag="591" ind1=" " ind2=" ">
    <subfield code="a">CC:1</subfield>
  </datafield>
  <datafield tag="591" ind1=" " ind2=" ">
    <subfield code="a">Authors:1</subfield>
  </datafield>
  <datafield tag="591" ind1=" " ind2=" ">
    <subfield code="a">SCOAP3:1</subfield>
  </datafield>
  <datafield tag="591" ind1=" " ind2=" ">
    <subfield code="a">Category:1</subfield>
  </datafield>
  <datafield tag="653" ind1="1" ind2=" ">
    <subfield code="a">dark matter detectors</subfield>
    <subfield code="9">author</subfield>
  </datafield>
  <datafield tag="653" ind1="1" ind2=" ">
    <subfield code="a">axions</subfield>
    <subfield code="9">author</subfield>
  </datafield>
  <datafield tag="653" ind1="1" ind2=" ">
    <subfield code="a">stars</subfield>
    <subfield code="9">author</subfield>
  </datafield>
  <datafield tag="653" ind1="1" ind2=" ">
    <subfield code="a">white and brown dwarfs</subfield>
    <subfield code="9">author</subfield>
  </datafield>
  <datafield tag="700" ind1=" " ind2=" ">
    <subfield code="a">Melendez, B.E.</subfield>
    <subfield code="v">Instituto de Astrofísica de La Plata, UNLP-CONICET,  Paseo del Bosque s/n, 1900 La Plata, Argentina</subfield>
    <subfield code="v">Grupo de evolución estelar y pulsaciones, Facultad de Ciencias Astronómicas y Geofísicas,  Universidad Nacional de La Plata, Paseo del Bosque s/n, 1900 La Plata, Argentina</subfield>
    <subfield code="w">Argentina</subfield>
  </datafield>
  <datafield tag="700" ind1=" " ind2=" ">
    <subfield code="a">Althaus, L.G.</subfield>
    <subfield code="v">Instituto de Astrofísica de La Plata, UNLP-CONICET,  Paseo del Bosque s/n, 1900 La Plata, Argentina</subfield>
    <subfield code="v">Grupo de evolución estelar y pulsaciones, Facultad de Ciencias Astronómicas y Geofísicas,  Universidad Nacional de La Plata, Paseo del Bosque s/n, 1900 La Plata, Argentina</subfield>
    <subfield code="w">Argentina</subfield>
  </datafield>
  <datafield tag="700" ind1=" " ind2=" ">
    <subfield code="a">Isern, J.</subfield>
    <subfield code="v">Institut de Ciéncies de l'Espai (CSIC),  Facultat de  Ciéncies, Campus UAB, Torre C5-parell, 08193 Bellaterra, Spain</subfield>
    <subfield code="v">Institute for Space Studies of Catalonia,  c/Gran Capitá  2-4,  Edif. Nexus 104, 08034 Barcelona, Spain.</subfield>
    <subfield code="w">Spain</subfield>
  </datafield>
  <datafield tag="773" ind1=" " ind2=" ">
    <subfield code="p">JCAP</subfield>
    <subfield code="v">1410</subfield>
    <subfield code="n">10</subfield>
    <subfield code="c">069</subfield>
    <subfield code="y">2014</subfield>
  </datafield>
  <datafield tag="856" ind1="4" ind2=" ">
    <subfield code="s">1005259</subfield>
    <subfield code="u">http://repo.scoap3.org/record/4534/files/fulltext.pdf</subfield>
  </datafield>
  <datafield tag="856" ind1="4" ind2=" ">
    <subfield code="s">57398</subfield>
    <subfield code="u">http://repo.scoap3.org/record/4534/files/fulltext.xml</subfield>
  </datafield>
  <datafield tag="909" ind1="C" ind2="O">
    <subfield code="o">oai:repo.scoap3.org:4534</subfield>
    <subfield code="p">GLOBAL_SET</subfield>
    <subfield code="p">JOURNAL_OF_COSMOLOGY_AND_ASTROPARTICLE_PHYSICS</subfield>
  </datafield>
  <datafield tag="980" ind1=" " ind2=" ">
    <subfield code="a">SCOAP3</subfield>
    <subfield code="b">IOP</subfield>
  </datafield>
</record>