
<record>
  <controlfield tag="001">4533</controlfield>
  <controlfield tag="005">20150408143306.0</controlfield>
  <datafield tag="022" ind1=" " ind2=" ">
    <subfield code="a">1475-7516</subfield>
  </datafield>
  <datafield tag="024" ind1="7" ind2=" ">
    <subfield code="a">10.1088/1475-7516/2014/10/071</subfield>
    <subfield code="2">DOI</subfield>
    <subfield code="t">2014-10-30T14:02:08Z</subfield>
  </datafield>
  <datafield tag="035" ind1=" " ind2=" ">
    <subfield code="a">1309577</subfield>
    <subfield code="9">INSPIRE</subfield>
  </datafield>
  <datafield tag="037" ind1=" " ind2=" ">
    <subfield code="a">arXiv:1408.0670</subfield>
    <subfield code="9">arXiv</subfield>
  </datafield>
  <datafield tag="100" ind1=" " ind2=" ">
    <subfield code="a">Lin, Chunshan</subfield>
    <subfield code="v"> Kavli Institute for the Physics and Mathematics of the Universe (WPI),   Todai Institutes for Advanced Study, The University of Tokyo,  5-1-5 Kashiwanoha, Kashiwa, Chiba 277-8583, Japan </subfield>
    <subfield code="v"> Yukawa Institute for Theoretical Physics, Kyoto University,  Kyoto 606-8502, Japan </subfield>
    <subfield code="w">Japan</subfield>
  </datafield>
  <datafield tag="245" ind1=" " ind2=" ">
    <subfield code="a">
Hamiltonian structure of scalar-tensor theories beyond Horndeski</subfield>
  </datafield>
  <datafield tag="260" ind1=" " ind2=" ">
    <subfield code="c">2014-10-01</subfield>
    <subfield code="b">Institute of Physics Publishing/SISSA</subfield>
  </datafield>
  <datafield tag="520" ind1=" " ind2=" ">
    <subfield code="a"> We study the nature of constraints and the Hamiltonian structure in a  scalar-tensor theory of gravity recently proposed by Gleyzes, Langlois,  Piazza and Vernizzi (GLPV). For the simple case with A5=0, namely  when the canonical momenta conjugate to the spatial metric are linear  in the extrinsic curvature, we prove that the number of physical  degrees of freedom is three at fully nonlinear level, as claimed by  GLPV. Therefore, while this theory extends Horndeski's scalar-tensor  gravity theory, it is protected against additional degrees of freedom. </subfield>
  </datafield>
  <datafield tag="540" ind1=" " ind2=" ">
    <subfield code="a">CC-BY-3.0</subfield>
    <subfield code="u">http://creativecommons.org/licenses/by/3.0/</subfield>
  </datafield>
  <datafield tag="542" ind1=" " ind2=" ">
    <subfield code="f"></subfield>
  </datafield>
  <datafield tag="591" ind1=" " ind2=" ">
    <subfield code="a">CC:1</subfield>
  </datafield>
  <datafield tag="591" ind1=" " ind2=" ">
    <subfield code="a">Authors:1</subfield>
  </datafield>
  <datafield tag="591" ind1=" " ind2=" ">
    <subfield code="a">SCOAP3:1</subfield>
  </datafield>
  <datafield tag="591" ind1=" " ind2=" ">
    <subfield code="a">Category:1</subfield>
  </datafield>
  <datafield tag="653" ind1="1" ind2=" ">
    <subfield code="a">gravity</subfield>
    <subfield code="9">author</subfield>
  </datafield>
  <datafield tag="653" ind1="1" ind2=" ">
    <subfield code="a">modified gravity</subfield>
    <subfield code="9">author</subfield>
  </datafield>
  <datafield tag="700" ind1=" " ind2=" ">
    <subfield code="a">Mukohyama, Shinji</subfield>
    <subfield code="v"> Kavli Institute for the Physics and Mathematics of the Universe (WPI),   Todai Institutes for Advanced Study, The University of Tokyo,  5-1-5 Kashiwanoha, Kashiwa, Chiba 277-8583, Japan </subfield>
    <subfield code="v"> Yukawa Institute for Theoretical Physics, Kyoto University,  Kyoto 606-8502, Japan </subfield>
    <subfield code="w">Japan</subfield>
  </datafield>
  <datafield tag="700" ind1=" " ind2=" ">
    <subfield code="a">Namba, Ryo</subfield>
    <subfield code="v"> Kavli Institute for the Physics and Mathematics of the Universe (WPI),   Todai Institutes for Advanced Study, The University of Tokyo,  5-1-5 Kashiwanoha, Kashiwa, Chiba 277-8583, Japan </subfield>
    <subfield code="w">Japan</subfield>
  </datafield>
  <datafield tag="700" ind1=" " ind2=" ">
    <subfield code="a">Saitou, Rio</subfield>
    <subfield code="v"> Kavli Institute for the Physics and Mathematics of the Universe (WPI),   Todai Institutes for Advanced Study, The University of Tokyo,  5-1-5 Kashiwanoha, Kashiwa, Chiba 277-8583, Japan </subfield>
    <subfield code="w">Japan</subfield>
  </datafield>
  <datafield tag="773" ind1=" " ind2=" ">
    <subfield code="p">JCAP</subfield>
    <subfield code="v">1410</subfield>
    <subfield code="n">10</subfield>
    <subfield code="c">071</subfield>
    <subfield code="y">2014</subfield>
  </datafield>
  <datafield tag="856" ind1="4" ind2=" ">
    <subfield code="s">232732</subfield>
    <subfield code="u">http://repo.scoap3.org/record/4533/files/fulltext.pdf</subfield>
  </datafield>
  <datafield tag="856" ind1="4" ind2=" ">
    <subfield code="s">51412</subfield>
    <subfield code="u">http://repo.scoap3.org/record/4533/files/fulltext.xml</subfield>
  </datafield>
  <datafield tag="909" ind1="C" ind2="O">
    <subfield code="o">oai:repo.scoap3.org:4533</subfield>
    <subfield code="p">GLOBAL_SET</subfield>
    <subfield code="p">JOURNAL_OF_COSMOLOGY_AND_ASTROPARTICLE_PHYSICS</subfield>
  </datafield>
  <datafield tag="980" ind1=" " ind2=" ">
    <subfield code="a">SCOAP3</subfield>
    <subfield code="b">IOP</subfield>
  </datafield>
</record>