
<record>
  <controlfield tag="001">4456</controlfield>
  <controlfield tag="005">20151125152116.0</controlfield>
  <datafield tag="022" ind1=" " ind2=" ">
    <subfield code="a">1475-7516</subfield>
  </datafield>
  <datafield tag="024" ind1="7" ind2=" ">
    <subfield code="2">DOI</subfield>
    <subfield code="a">10.1088/1475-7516/2014/10/055</subfield>
    <subfield code="t">2014-10-24T10:05:39Z</subfield>
  </datafield>
  <datafield tag="035" ind1=" " ind2=" ">
    <subfield code="9">INSPIRE</subfield>
    <subfield code="a">1308715</subfield>
  </datafield>
  <datafield tag="037" ind1=" " ind2=" ">
    <subfield code="9">arXiv</subfield>
    <subfield code="a">arXiv:1407.7744</subfield>
    <subfield code="a">arXiv:1407.7744</subfield>
  </datafield>
  <datafield tag="100" ind1=" " ind2=" ">
    <subfield code="a">Chagoya, Javier</subfield>
    <subfield code="v">Institute of Cosmology &amp;  Gravitation, University of Portsmouth, Dennis Sciama Building,  Portsmouth, PO1 3FX, United Kingdom</subfield>
    <subfield code="v">Departamento de F?sica, Universidad de Guanajuato,  DCI, Campus Le?n, C.P. 37150, Le?n, Guanajuato, Mexico</subfield>
    <subfield code="w">UK</subfield>
    <subfield code="w">Mexico</subfield>
  </datafield>
  <datafield tag="245" ind1=" " ind2=" ">
    <subfield code="a">Galileons and strong gravity</subfield>
  </datafield>
  <datafield tag="260" ind1=" " ind2=" ">
    <subfield code="b">Institute of Physics Publishing/SISSA</subfield>
    <subfield code="c">2014-10-01</subfield>
  </datafield>
  <datafield tag="520" ind1=" " ind2=" ">
    <subfield code="a">In the context of a cubic Galileon model in which the Vainshtein mechanism suppresses the scalar field interactions with matter, we study low-density stars with slow rotation and static relativistic stars. We develop an expansion scheme to find approximated solutions inside the Vainshtein radius, and show that deviations from General Relativity (GR), while considering rotation, are also suppressed by the Vainshtein mechanism. In a quadratic coupling model, in which the scalarisation effect can significantly enhance deviations from GR in normal scalar tensor gravity, the Galileon term successfully suppresses the large deviations away from GR. Moreover, using a realistic equation of state, we construct solutions for a relativistic star, and show that  deviations from GR are more suppressed for higher density objects. However, we found that the scalar field solution ceases to exist above a critical density, which roughly corresponds to the maximum mass of a neutron star. This indicates that, for a compact object described by a polytropic equation of state,  the configuration that would collapse into a black hole cannot support a non-trivial scalar field.</subfield>
  </datafield>
  <datafield tag="540" ind1=" " ind2=" ">
    <subfield code="a">CC-BY-3.0</subfield>
    <subfield code="u">http://creativecommons.org/licenses/by/3.0/</subfield>
  </datafield>
  <datafield tag="591" ind1=" " ind2=" ">
    <subfield code="a">CC:1</subfield>
  </datafield>
  <datafield tag="591" ind1=" " ind2=" ">
    <subfield code="a">Authors:1</subfield>
  </datafield>
  <datafield tag="591" ind1=" " ind2=" ">
    <subfield code="a">SCOAP3:1</subfield>
  </datafield>
  <datafield tag="591" ind1=" " ind2=" ">
    <subfield code="a">Category:1</subfield>
  </datafield>
  <datafield tag="653" ind1="1" ind2=" ">
    <subfield code="9">author</subfield>
    <subfield code="a">neutron stars</subfield>
  </datafield>
  <datafield tag="653" ind1="1" ind2=" ">
    <subfield code="9">author</subfield>
    <subfield code="a">modified gravity</subfield>
  </datafield>
  <datafield tag="700" ind1=" " ind2=" ">
    <subfield code="a">Koyama, Kazuya</subfield>
    <subfield code="v">Departamento de F?sica, Universidad de Guanajuato,  DCI, Campus Le?n, C.P. 37150, Le?n, Guanajuato, Mexico</subfield>
    <subfield code="w">Mexico</subfield>
  </datafield>
  <datafield tag="700" ind1=" " ind2=" ">
    <subfield code="a">Niz, Gustavo</subfield>
    <subfield code="v">Departamento de F?sica, Universidad de Guanajuato,  DCI, Campus Le?n, C.P. 37150, Le?n, Guanajuato, Mexico</subfield>
    <subfield code="w">Mexico</subfield>
  </datafield>
  <datafield tag="700" ind1=" " ind2=" ">
    <subfield code="a">Tasinato, Gianmassimo</subfield>
    <subfield code="v">Departamento de F?sica, Universidad de Guanajuato,  DCI, Campus Le?n, C.P. 37150, Le?n, Guanajuato, Mexico</subfield>
    <subfield code="w">Mexico</subfield>
  </datafield>
  <datafield tag="773" ind1=" " ind2=" ">
    <subfield code="c">055</subfield>
    <subfield code="n">10</subfield>
    <subfield code="p">JCAP</subfield>
    <subfield code="v">1410</subfield>
    <subfield code="y">2014</subfield>
  </datafield>
  <datafield tag="856" ind1="4" ind2=" ">
    <subfield code="s">107367</subfield>
    <subfield code="u">http://repo.scoap3.org/record/4456/files/fulltext.xml</subfield>
  </datafield>
  <datafield tag="856" ind1="4" ind2=" ">
    <subfield code="s">1581292</subfield>
    <subfield code="u">http://repo.scoap3.org/record/4456/files/fulltext.pdf</subfield>
  </datafield>
  <datafield tag="909" ind1="C" ind2="O">
    <subfield code="o">oai:repo.scoap3.org:4456</subfield>
    <subfield code="p">GLOBAL_SET</subfield>
    <subfield code="p">JOURNAL_OF_COSMOLOGY_AND_ASTROPARTICLE_PHYSICS</subfield>
  </datafield>
  <datafield tag="980" ind1=" " ind2=" ">
    <subfield code="a">SCOAP3</subfield>
    <subfield code="b">IOP</subfield>
  </datafield>
</record>