
<record>
  <controlfield tag="001">4438</controlfield>
  <controlfield tag="005">20151125152113.0</controlfield>
  <datafield tag="022" ind1=" " ind2=" ">
    <subfield code="a">1475-7516</subfield>
  </datafield>
  <datafield tag="024" ind1="7" ind2=" ">
    <subfield code="a">10.1088/1475-7516/2014/10/048</subfield>
    <subfield code="2">DOI</subfield>
    <subfield code="t">2014-10-22T02:43:58Z</subfield>
  </datafield>
  <datafield tag="035" ind1=" " ind2=" ">
    <subfield code="a">1298798</subfield>
    <subfield code="9">INSPIRE</subfield>
  </datafield>
  <datafield tag="037" ind1=" " ind2=" ">
    <subfield code="a">arXiv:1406.0341</subfield>
    <subfield code="9">arXiv</subfield>
  </datafield>
  <datafield tag="100" ind1=" " ind2=" ">
    <subfield code="a">Gao, Xin</subfield>
    <subfield code="v">State Key Laboratory of Theoretical Physics,  and Kavli Institute for Theoretical Physics China (KITPC),        Institute of Theoretical Physics, Chinese Academy of Sciences,  Beijing 100190, P.R. China</subfield>
    <subfield code="v">Department of Physics, Robeson Hall, 0435,  Virginia Tech,   850 West Campus Drive, Blacksburg, VA 24061, U.S.A.</subfield>
    <subfield code="w">China</subfield>
    <subfield code="w">USA</subfield>
  </datafield>
  <datafield tag="245" ind1=" " ind2=" ">
    <subfield code="a">
Combining universal and odd RR axions for aligned natural inflation</subfield>
  </datafield>
  <datafield tag="260" ind1=" " ind2=" ">
    <subfield code="c">2014-10-01</subfield>
    <subfield code="b">Institute of Physics Publishing/SISSA</subfield>
  </datafield>
  <datafield tag="520" ind1=" " ind2=" ">
    <subfield code="a">We successfully embed the Kim-Nilles-Peloso (KNP) alignment   mechanism for enhancing the axion decay constant in the context of   large volume type IIB orientifolds. The flat direction is generated   in the plane of (C0-C2) axions corresponding to the involutively   even universal axion C0 and odd axion C2, respectively.  The   moduli stabilization with large volume scheme has been established   as well.</subfield>
  </datafield>
  <datafield tag="540" ind1=" " ind2=" ">
    <subfield code="a">CC-BY-3.0</subfield>
    <subfield code="u">http://creativecommons.org/licenses/by/3.0/</subfield>
  </datafield>
  <datafield tag="542" ind1=" " ind2=" ">
    <subfield code="f"></subfield>
  </datafield>
  <datafield tag="591" ind1=" " ind2=" ">
    <subfield code="a">CC:1</subfield>
  </datafield>
  <datafield tag="591" ind1=" " ind2=" ">
    <subfield code="a">Authors:1</subfield>
  </datafield>
  <datafield tag="591" ind1=" " ind2=" ">
    <subfield code="a">SCOAP3:1</subfield>
  </datafield>
  <datafield tag="591" ind1=" " ind2=" ">
    <subfield code="a">Category:1</subfield>
  </datafield>
  <datafield tag="653" ind1="1" ind2=" ">
    <subfield code="a">string theory and cosmology</subfield>
    <subfield code="9">author</subfield>
  </datafield>
  <datafield tag="653" ind1="1" ind2=" ">
    <subfield code="a">inflation</subfield>
    <subfield code="9">author</subfield>
  </datafield>
  <datafield tag="653" ind1="1" ind2=" ">
    <subfield code="a">axions</subfield>
    <subfield code="9">author</subfield>
  </datafield>
  <datafield tag="700" ind1=" " ind2=" ">
    <subfield code="a">Li, Tianjun</subfield>
    <subfield code="v">State Key Laboratory of Theoretical Physics,  and Kavli Institute for Theoretical Physics China (KITPC),        Institute of Theoretical Physics, Chinese Academy of Sciences,  Beijing 100190, P.R. China</subfield>
    <subfield code="v">School of Physical Electronics, University of Electronic Science and Technology of China,  Chengdu 610054, P.R. China</subfield>
    <subfield code="w">China</subfield>
  </datafield>
  <datafield tag="700" ind1=" " ind2=" ">
    <subfield code="a">Shukla, Pramod</subfield>
    <subfield code="v">Università di Torino, Dipartimento di Fisica and I.N.F.N. --- Sezione di Torino,   Via P. Giuria 1, I-10125 Torino, Italy</subfield>
    <subfield code="w">Italy</subfield>
  </datafield>
  <datafield tag="773" ind1=" " ind2=" ">
    <subfield code="p">JCAP</subfield>
    <subfield code="v">1410</subfield>
    <subfield code="n">10</subfield>
    <subfield code="c">048</subfield>
    <subfield code="y">2014</subfield>
  </datafield>
  <datafield tag="856" ind1="4" ind2=" ">
    <subfield code="s">1370749</subfield>
    <subfield code="u">http://repo.scoap3.org/record/4438/files/fulltext.pdf</subfield>
  </datafield>
  <datafield tag="856" ind1="4" ind2=" ">
    <subfield code="s">78471</subfield>
    <subfield code="u">http://repo.scoap3.org/record/4438/files/fulltext.xml</subfield>
  </datafield>
  <datafield tag="909" ind1="C" ind2="O">
    <subfield code="o">oai:repo.scoap3.org:4438</subfield>
    <subfield code="p">GLOBAL_SET</subfield>
    <subfield code="p">PR China</subfield>
    <subfield code="p">JOURNAL_OF_COSMOLOGY_AND_ASTROPARTICLE_PHYSICS</subfield>
    <subfield code="p">PR_China</subfield>
  </datafield>
  <datafield tag="980" ind1=" " ind2=" ">
    <subfield code="a">SCOAP3</subfield>
    <subfield code="b">IOP</subfield>
  </datafield>
</record>