
<record>
  <controlfield tag="001">4333</controlfield>
  <controlfield tag="005">20151125151856.0</controlfield>
  <datafield tag="022" ind1=" " ind2=" ">
    <subfield code="a">1475-7516</subfield>
  </datafield>
  <datafield tag="024" ind1="7" ind2=" ">
    <subfield code="a">10.1088/1475-7516/2014/10/019</subfield>
    <subfield code="2">DOI</subfield>
    <subfield code="t">2014-10-12T11:58:35Z</subfield>
  </datafield>
  <datafield tag="035" ind1=" " ind2=" ">
    <subfield code="a">1298376</subfield>
    <subfield code="9">INSPIRE</subfield>
  </datafield>
  <datafield tag="037" ind1=" " ind2=" ">
    <subfield code="a">arXiv:1405.7331</subfield>
    <subfield code="9">arXiv</subfield>
  </datafield>
  <datafield tag="100" ind1=" " ind2=" ">
    <subfield code="a">He, Hong-Jian</subfield>
    <subfield code="v">Institute of Modern Physics and Center for High Energy Physics,                  Tsinghua University, Beijing 100084, China</subfield>
    <subfield code="v">Center for High Energy Physics, Peking University,  Beijing 100871, China</subfield>
    <subfield code="v">Kavli Institute for Theoretical Physics China, CAS,  Beijing 100190, China</subfield>
    <subfield code="w">China</subfield>
  </datafield>
  <datafield tag="245" ind1=" " ind2=" ">
    <subfield code="a">
Extending Higgs inflation with TeV scale new physics</subfield>
  </datafield>
  <datafield tag="260" ind1=" " ind2=" ">
    <subfield code="c">2014-10-01</subfield>
    <subfield code="b">Institute of Physics Publishing/SISSA</subfield>
  </datafield>
  <datafield tag="520" ind1=" " ind2=" ">
    <subfield code="a">Higgs inflation is among the most economical and predictive inflation models, although the original Higgs inflation requires tuning the Higgs or top mass away from its current experimental value by more than 2σ deviations, and generally gives a negligible tensor-to-scalar ratio r ∼ 10-3 (if away from the vicinity of critical point).  In this work, we construct a minimal extension of Higgs inflation, by adding only two new weak-singlet particles at TeV scale, a vector-quark 𝒯 and a real scalar 𝒮. The presence of singlets (𝒯, 𝒮) significantly impact the renormalization group running of the Higgs boson self-coupling. With this, our model provides a wider range of the tensor-to-scalar ratio r=𝒪(0.1)-𝒪(10-3), consistent with the favored r values by either BICEP2 or Planck data, while keeping the successful prediction of the spectral index ns ≃ 0.96. It allows the Higgs and top masses to fully fit the collider measurements. We also discuss implications for searching the predicted TeV-scale vector-quark 𝒯 and scalar 𝒮 at the LHC and future high energy pp colliders.</subfield>
  </datafield>
  <datafield tag="540" ind1=" " ind2=" ">
    <subfield code="a">CC-BY-3.0</subfield>
    <subfield code="u">http://creativecommons.org/licenses/by/3.0/</subfield>
  </datafield>
  <datafield tag="542" ind1=" " ind2=" ">
    <subfield code="f"></subfield>
  </datafield>
  <datafield tag="591" ind1=" " ind2=" ">
    <subfield code="a">CC:1</subfield>
  </datafield>
  <datafield tag="591" ind1=" " ind2=" ">
    <subfield code="a">Authors:1</subfield>
  </datafield>
  <datafield tag="591" ind1=" " ind2=" ">
    <subfield code="a">SCOAP3:1</subfield>
  </datafield>
  <datafield tag="591" ind1=" " ind2=" ">
    <subfield code="a">Category:1</subfield>
  </datafield>
  <datafield tag="653" ind1="1" ind2=" ">
    <subfield code="a">inflation</subfield>
    <subfield code="9">author</subfield>
  </datafield>
  <datafield tag="653" ind1="1" ind2=" ">
    <subfield code="a">cosmology of theories beyond the SM</subfield>
    <subfield code="9">author</subfield>
  </datafield>
  <datafield tag="653" ind1="1" ind2=" ">
    <subfield code="a">particle physics - cosmology connection</subfield>
    <subfield code="9">author</subfield>
  </datafield>
  <datafield tag="700" ind1=" " ind2=" ">
    <subfield code="a">Xianyu, Zhong-Zhi</subfield>
    <subfield code="v">Institute of Modern Physics and Center for High Energy Physics,                  Tsinghua University, Beijing 100084, China</subfield>
    <subfield code="v">Theoretical Particle Physics and Cosmology Group, Department of Physics,                  King's College London, London WC2R 2LS, U.K.</subfield>
    <subfield code="w">China</subfield>
    <subfield code="w">UK</subfield>
  </datafield>
  <datafield tag="773" ind1=" " ind2=" ">
    <subfield code="p">JCAP</subfield>
    <subfield code="v">1410</subfield>
    <subfield code="n">10</subfield>
    <subfield code="c">019</subfield>
    <subfield code="y">2014</subfield>
  </datafield>
  <datafield tag="856" ind1="4" ind2=" ">
    <subfield code="s">3077580</subfield>
    <subfield code="u">http://repo.scoap3.org/record/4333/files/fulltext.pdf</subfield>
  </datafield>
  <datafield tag="856" ind1="4" ind2=" ">
    <subfield code="s">67637</subfield>
    <subfield code="u">http://repo.scoap3.org/record/4333/files/fulltext.xml</subfield>
  </datafield>
  <datafield tag="909" ind1="C" ind2="O">
    <subfield code="o">oai:repo.scoap3.org:4333</subfield>
    <subfield code="p">GLOBAL_SET</subfield>
    <subfield code="p">PR China</subfield>
    <subfield code="p">JOURNAL_OF_COSMOLOGY_AND_ASTROPARTICLE_PHYSICS</subfield>
    <subfield code="p">PR_China</subfield>
  </datafield>
  <datafield tag="980" ind1=" " ind2=" ">
    <subfield code="a">SCOAP3</subfield>
    <subfield code="b">IOP</subfield>
  </datafield>
</record>