
<record>
  <controlfield tag="001">4317</controlfield>
  <controlfield tag="005">20151125151850.0</controlfield>
  <datafield tag="022" ind1=" " ind2=" ">
    <subfield code="a">1475-7516</subfield>
  </datafield>
  <datafield tag="024" ind1="7" ind2=" ">
    <subfield code="a">10.1088/1475-7516/2014/10/015</subfield>
    <subfield code="2">DOI</subfield>
    <subfield code="t">2014-10-12T11:58:35Z</subfield>
  </datafield>
  <datafield tag="035" ind1=" " ind2=" ">
    <subfield code="a">1299290</subfield>
    <subfield code="9">INSPIRE</subfield>
  </datafield>
  <datafield tag="037" ind1=" " ind2=" ">
    <subfield code="a">arXiv:1406.1424</subfield>
    <subfield code="9">arXiv</subfield>
  </datafield>
  <datafield tag="100" ind1=" " ind2=" ">
    <subfield code="a">Antusch, Stefan</subfield>
    <subfield code="v">Department of Physics, University of Basel, Klingelbergstr. 82,  Basel, CH-4056 Switzerland</subfield>
    <subfield code="v">Max-Planck-Institut für Physik (Werner-Heisenberg-Institut), Föhringer Ring 6,  München, D-80805 Germany</subfield>
    <subfield code="w">Switzerland</subfield>
    <subfield code="w">Germany</subfield>
  </datafield>
  <datafield tag="245" ind1=" " ind2=" ">
    <subfield code="a">
 False vacuum energy dominated inflation with large r and the importance of κs</subfield>
  </datafield>
  <datafield tag="260" ind1=" " ind2=" ">
    <subfield code="c">2014-10-01</subfield>
    <subfield code="b">Institute of Physics Publishing/SISSA</subfield>
  </datafield>
  <datafield tag="520" ind1=" " ind2=" ">
    <subfield code="a">We investigate to which extent and under which circumstances false vacuum energy (V0) dominated slow-roll inflation is compatible with a large tensor-to-scalar ratio r = 𝒪(0.1), as indicated by the recent BICEP2 measurement.  With V0 we refer to a constant contribution to the inflaton potential, present before a phase transition takes place and absent in the true vacuum of the theory, like e.g. in hybrid inflation. Based on model-independent considerations, we derive an upper bound on the possible amount of V0 domination and highlight the importance of higher-order runnings of the scalar spectral index (beyond αs) in order to realise scenarios of V0 dominated inflation. We study the conditions for V0 domination explicitly with an inflaton potential reconstruction around the inflaton field value 50 e-folds before the end of inflation, taking into account the present observational data. To this end, we provide the up-to-date parameter constraints within ΛCDM + r + αs + κs using the cosmological parameter estimation code Monte Python together with the Boltzmann code CLASS.</subfield>
  </datafield>
  <datafield tag="540" ind1=" " ind2=" ">
    <subfield code="a">CC-BY-3.0</subfield>
    <subfield code="u">http://creativecommons.org/licenses/by/3.0/</subfield>
  </datafield>
  <datafield tag="542" ind1=" " ind2=" ">
    <subfield code="f"></subfield>
  </datafield>
  <datafield tag="591" ind1=" " ind2=" ">
    <subfield code="a">CC:1</subfield>
  </datafield>
  <datafield tag="591" ind1=" " ind2=" ">
    <subfield code="a">Authors:1</subfield>
  </datafield>
  <datafield tag="591" ind1=" " ind2=" ">
    <subfield code="a">SCOAP3:1</subfield>
  </datafield>
  <datafield tag="591" ind1=" " ind2=" ">
    <subfield code="a">Category:1</subfield>
  </datafield>
  <datafield tag="653" ind1="1" ind2=" ">
    <subfield code="a">cosmological phase transitions</subfield>
    <subfield code="9">author</subfield>
  </datafield>
  <datafield tag="653" ind1="1" ind2=" ">
    <subfield code="a">inflation</subfield>
    <subfield code="9">author</subfield>
  </datafield>
  <datafield tag="653" ind1="1" ind2=" ">
    <subfield code="a">physics of the early universe</subfield>
    <subfield code="9">author</subfield>
  </datafield>
  <datafield tag="700" ind1=" " ind2=" ">
    <subfield code="a">Cefalà, Francesco</subfield>
    <subfield code="v">Department of Physics, University of Basel, Klingelbergstr. 82,  Basel, CH-4056 Switzerland</subfield>
    <subfield code="w">Switzerland</subfield>
  </datafield>
  <datafield tag="700" ind1=" " ind2=" ">
    <subfield code="a">Nolde, David</subfield>
    <subfield code="v">Department of Physics, University of Basel, Klingelbergstr. 82,  Basel, CH-4056 Switzerland</subfield>
    <subfield code="w">Switzerland</subfield>
  </datafield>
  <datafield tag="700" ind1=" " ind2=" ">
    <subfield code="a">Orani, Stefano</subfield>
    <subfield code="v">Department of Physics, University of Basel, Klingelbergstr. 82,  Basel, CH-4056 Switzerland</subfield>
    <subfield code="w">Switzerland</subfield>
  </datafield>
  <datafield tag="773" ind1=" " ind2=" ">
    <subfield code="p">JCAP</subfield>
    <subfield code="v">1410</subfield>
    <subfield code="n">10</subfield>
    <subfield code="c">015</subfield>
    <subfield code="y">2014</subfield>
  </datafield>
  <datafield tag="856" ind1="4" ind2=" ">
    <subfield code="s">3920040</subfield>
    <subfield code="u">http://repo.scoap3.org/record/4317/files/fulltext.pdf</subfield>
  </datafield>
  <datafield tag="856" ind1="4" ind2=" ">
    <subfield code="s">55393</subfield>
    <subfield code="u">http://repo.scoap3.org/record/4317/files/fulltext.xml</subfield>
  </datafield>
  <datafield tag="909" ind1="C" ind2="O">
    <subfield code="o">oai:repo.scoap3.org:4317</subfield>
    <subfield code="p">GLOBAL_SET</subfield>
    <subfield code="p">JOURNAL_OF_COSMOLOGY_AND_ASTROPARTICLE_PHYSICS</subfield>
  </datafield>
  <datafield tag="980" ind1=" " ind2=" ">
    <subfield code="a">SCOAP3</subfield>
    <subfield code="b">IOP</subfield>
  </datafield>
</record>