
<record>
  <controlfield tag="001">4289</controlfield>
  <controlfield tag="005">20150408143239.0</controlfield>
  <datafield tag="022" ind1=" " ind2=" ">
    <subfield code="a">1475-7516</subfield>
  </datafield>
  <datafield tag="024" ind1="7" ind2=" ">
    <subfield code="a">10.1088/1475-7516/2014/10/012</subfield>
    <subfield code="2">DOI</subfield>
    <subfield code="t">2014-10-12T11:58:35Z</subfield>
  </datafield>
  <datafield tag="035" ind1=" " ind2=" ">
    <subfield code="a">1289896</subfield>
    <subfield code="9">INSPIRE</subfield>
  </datafield>
  <datafield tag="037" ind1=" " ind2=" ">
    <subfield code="a">arXiv:1404.2915</subfield>
    <subfield code="9">arXiv</subfield>
  </datafield>
  <datafield tag="100" ind1=" " ind2=" ">
    <subfield code="a">Garbrecht, Björn</subfield>
    <subfield code="v">Physik Department T70, Technische Universität München,  James-Franck-Straße, 85748 Garching, Germany</subfield>
    <subfield code="w">Germany</subfield>
  </datafield>
  <datafield tag="245" ind1=" " ind2=" ">
    <subfield code="a">
Spectator effects during Leptogenesis in the strong washout regime</subfield>
  </datafield>
  <datafield tag="260" ind1=" " ind2=" ">
    <subfield code="c">2014-10-01</subfield>
    <subfield code="b">Institute of Physics Publishing/SISSA</subfield>
  </datafield>
  <datafield tag="520" ind1=" " ind2=" ">
    <subfield code="a">By including spectator fields into the Boltzmann equations for Leptogenesis, we show that partially equilibrated spectator   interactions can have a significant impact on the freeze-out value of the asymmetry in the strong washout regime. The final asymmetry is typically increased, since partially equilibrated spectators ''hide'' a part of the asymmetry from washout. We study examples with leptonic and non-leptonic spectator processes, assuming thermal   initial conditions, and find up to 50% enhanced asymmetries compared to the limit of fully equilibrated spectators. Together with a comprehensive overview of the equilibration temperatures for various Standard Model processes, the numerical results indicate the ranges when the limiting cases of either fully equilibrated or   negligible spectator fields are applicable and when they are not. Our findings also indicate an increased sensitivity to initial conditions and finite density corrections even in the strong washout regime.</subfield>
  </datafield>
  <datafield tag="540" ind1=" " ind2=" ">
    <subfield code="a">CC-BY-3.0</subfield>
    <subfield code="u">http://creativecommons.org/licenses/by/3.0/</subfield>
  </datafield>
  <datafield tag="542" ind1=" " ind2=" ">
    <subfield code="f"></subfield>
  </datafield>
  <datafield tag="591" ind1=" " ind2=" ">
    <subfield code="a">CC:1</subfield>
  </datafield>
  <datafield tag="591" ind1=" " ind2=" ">
    <subfield code="a">Authors:1</subfield>
  </datafield>
  <datafield tag="591" ind1=" " ind2=" ">
    <subfield code="a">SCOAP3:1</subfield>
  </datafield>
  <datafield tag="591" ind1=" " ind2=" ">
    <subfield code="a">Category:1</subfield>
  </datafield>
  <datafield tag="653" ind1="1" ind2=" ">
    <subfield code="a">baryon asymmetry</subfield>
    <subfield code="9">author</subfield>
  </datafield>
  <datafield tag="653" ind1="1" ind2=" ">
    <subfield code="a">leptogenesis</subfield>
    <subfield code="9">author</subfield>
  </datafield>
  <datafield tag="700" ind1=" " ind2=" ">
    <subfield code="a">Schwaller, Pedro</subfield>
    <subfield code="v">CERN, Theory Division,   CH-1211 Geneva 23, Switzerland</subfield>
    <subfield code="w">CERN</subfield>
  </datafield>
  <datafield tag="773" ind1=" " ind2=" ">
    <subfield code="p">JCAP</subfield>
    <subfield code="v">1410</subfield>
    <subfield code="n">10</subfield>
    <subfield code="c">012</subfield>
    <subfield code="y">2014</subfield>
  </datafield>
  <datafield tag="856" ind1="4" ind2=" ">
    <subfield code="s">1611372</subfield>
    <subfield code="u">http://repo.scoap3.org/record/4289/files/fulltext.pdf</subfield>
  </datafield>
  <datafield tag="856" ind1="4" ind2=" ">
    <subfield code="s">87266</subfield>
    <subfield code="u">http://repo.scoap3.org/record/4289/files/fulltext.xml</subfield>
  </datafield>
  <datafield tag="909" ind1="C" ind2="O">
    <subfield code="o">oai:repo.scoap3.org:4289</subfield>
    <subfield code="p">GLOBAL_SET</subfield>
    <subfield code="p">JOURNAL_OF_COSMOLOGY_AND_ASTROPARTICLE_PHYSICS</subfield>
  </datafield>
  <datafield tag="980" ind1=" " ind2=" ">
    <subfield code="a">SCOAP3</subfield>
    <subfield code="b">IOP</subfield>
  </datafield>
</record>