
<record>
  <controlfield tag="001">4232</controlfield>
  <controlfield tag="005">20150408143230.0</controlfield>
  <datafield tag="022" ind1=" " ind2=" ">
    <subfield code="a">1475-7516</subfield>
  </datafield>
  <datafield tag="024" ind1="7" ind2=" ">
    <subfield code="a">10.1088/1475-7516/2014/10/005</subfield>
    <subfield code="2">DOI</subfield>
    <subfield code="t">2014-10-04T05:52:01Z</subfield>
  </datafield>
  <datafield tag="035" ind1=" " ind2=" ">
    <subfield code="a">1299639</subfield>
    <subfield code="9">INSPIRE</subfield>
  </datafield>
  <datafield tag="037" ind1=" " ind2=" ">
    <subfield code="a">arXiv:1406.1947</subfield>
    <subfield code="9">arXiv</subfield>
  </datafield>
  <datafield tag="100" ind1=" " ind2=" ">
    <subfield code="a">Gwyn, Rhiannon</subfield>
    <subfield code="v">Max-Planck-Institut für Gravitationsphysik, Albert-Einstein-Institut,  Am Mühlenberg 1, D-14476 Potsdam, Germany</subfield>
    <subfield code="w">Germany</subfield>
  </datafield>
  <datafield tag="245" ind1=" " ind2=" ">
    <subfield code="a">
On degenerate models of cosmic inflation</subfield>
  </datafield>
  <datafield tag="260" ind1=" " ind2=" ">
    <subfield code="c">2014-10-01</subfield>
    <subfield code="b">Institute of Physics Publishing/SISSA</subfield>
  </datafield>
  <datafield tag="520" ind1=" " ind2=" ">
    <subfield code="a">In this article we discuss the role of current and future CMB measurements in pinning down the model of inflation responsible for the generation of primordial curvature perturbations. By considering a parameterization of the effective field theory of inflation with a modified dispersion relation arising from heavy fields, we derive the dependence of cosmological observables on the scale of heavy physics ΛUV. Specifically, we show how the fNL non-linearity parameters are related to the phase velocity of curvature perturbations at horizon exit, which is parameterized by ΛUV. BICEP2 and PLANCK findings are shown to be consistent with a value ΛUV ∼ ΛGUT. However, we find a degeneracy in the parameter space of inflationary models that can only be resolved with a detailed knowledge of the shape of the non-Gaussian bispectrum.</subfield>
  </datafield>
  <datafield tag="540" ind1=" " ind2=" ">
    <subfield code="a">CC-BY-3.0</subfield>
    <subfield code="u">http://creativecommons.org/licenses/by/3.0/</subfield>
  </datafield>
  <datafield tag="542" ind1=" " ind2=" ">
    <subfield code="f"></subfield>
  </datafield>
  <datafield tag="591" ind1=" " ind2=" ">
    <subfield code="a">CC:1</subfield>
  </datafield>
  <datafield tag="591" ind1=" " ind2=" ">
    <subfield code="a">Authors:1</subfield>
  </datafield>
  <datafield tag="591" ind1=" " ind2=" ">
    <subfield code="a">SCOAP3:1</subfield>
  </datafield>
  <datafield tag="591" ind1=" " ind2=" ">
    <subfield code="a">Category:1</subfield>
  </datafield>
  <datafield tag="653" ind1="1" ind2=" ">
    <subfield code="a">cosmological perturbation theory</subfield>
    <subfield code="9">author</subfield>
  </datafield>
  <datafield tag="653" ind1="1" ind2=" ">
    <subfield code="a">physics of the early universe</subfield>
    <subfield code="9">author</subfield>
  </datafield>
  <datafield tag="653" ind1="1" ind2=" ">
    <subfield code="a">non-gaussianity</subfield>
    <subfield code="9">author</subfield>
  </datafield>
  <datafield tag="700" ind1=" " ind2=" ">
    <subfield code="a">Palma, Gonzalo A.</subfield>
    <subfield code="v">Physics Department, FCFM, Universidad de Chile,    Blanco Encalada 2008, Santiago, Chile</subfield>
    <subfield code="w">Chile</subfield>
  </datafield>
  <datafield tag="700" ind1=" " ind2=" ">
    <subfield code="a">Sakellariadou, Mairi</subfield>
    <subfield code="v">Department of Physics, King's College London,    Strand, London WC2R 2LS, U.K.</subfield>
    <subfield code="w">UK</subfield>
  </datafield>
  <datafield tag="700" ind1=" " ind2=" ">
    <subfield code="a">Sypsas, Spyros</subfield>
    <subfield code="v">Asia Pacific Center for Theoretical Physics (APCTP),   Pohang 790-784, Republic of Korea</subfield>
    <subfield code="w">South Korea</subfield>
  </datafield>
  <datafield tag="773" ind1=" " ind2=" ">
    <subfield code="p">JCAP</subfield>
    <subfield code="v">1410</subfield>
    <subfield code="n">10</subfield>
    <subfield code="c">005</subfield>
    <subfield code="y">2014</subfield>
  </datafield>
  <datafield tag="856" ind1="4" ind2=" ">
    <subfield code="s">78212</subfield>
    <subfield code="u">http://repo.scoap3.org/record/4232/files/fulltext.xml</subfield>
  </datafield>
  <datafield tag="856" ind1="4" ind2=" ">
    <subfield code="s">933451</subfield>
    <subfield code="u">http://repo.scoap3.org/record/4232/files/fulltext.pdf</subfield>
  </datafield>
  <datafield tag="909" ind1="C" ind2="O">
    <subfield code="o">oai:repo.scoap3.org:4232</subfield>
    <subfield code="p">GLOBAL_SET</subfield>
    <subfield code="p">JOURNAL_OF_COSMOLOGY_AND_ASTROPARTICLE_PHYSICS</subfield>
  </datafield>
  <datafield tag="980" ind1=" " ind2=" ">
    <subfield code="a">SCOAP3</subfield>
    <subfield code="b">IOP</subfield>
  </datafield>
</record>