
<record>
  <controlfield tag="001">4206</controlfield>
  <controlfield tag="005">20151125151533.0</controlfield>
  <datafield tag="022" ind1=" " ind2=" ">
    <subfield code="a">1475-7516</subfield>
  </datafield>
  <datafield tag="024" ind1="7" ind2=" ">
    <subfield code="a">10.1088/1475-7516/2014/10/002</subfield>
    <subfield code="2">DOI</subfield>
    <subfield code="t">2014-10-03T05:21:20Z</subfield>
  </datafield>
  <datafield tag="035" ind1=" " ind2=" ">
    <subfield code="a">1278045</subfield>
    <subfield code="9">INSPIRE</subfield>
  </datafield>
  <datafield tag="037" ind1=" " ind2=" ">
    <subfield code="a">arXiv:1401.4364</subfield>
    <subfield code="9">arXiv</subfield>
  </datafield>
  <datafield tag="100" ind1=" " ind2=" ">
    <subfield code="a">Allahverdi, Rouzbeh</subfield>
    <subfield code="v">Department of Physics and Astronomy, University of New Mexico,   1919 Lomas Blvd NE, Albuquerque, NM 87131, U.S.A.</subfield>
    <subfield code="w">USA</subfield>
    <subfield code="w">Mexico</subfield>
  </datafield>
  <datafield tag="245" ind1=" " ind2=" ">
    <subfield code="a">
Correlation between dark matter and dark radiation in string compactifications</subfield>
  </datafield>
  <datafield tag="260" ind1=" " ind2=" ">
    <subfield code="c">2014-10-01</subfield>
    <subfield code="b">Institute of Physics Publishing/SISSA</subfield>
  </datafield>
  <datafield tag="520" ind1=" " ind2=" ">
    <subfield code="a">Reheating in string compactifications is generically driven   by the decay of the lightest modulus which produces Standard Model   particles, dark matter and light hidden sector degrees of freedom   that behave as dark radiation. This common origin allows us to find   an interesting correlation between dark matter and dark radiation.   By combining present upper bounds on the effective number of   neutrino species Neff with lower bounds on the reheating   temperature as a function of the dark matter mass mDM from   Fermi data, we obtain strong constraints on the (Neff, mDM)-plane.  Most of the allowed region in this plane   corresponds to non-thermal scenarios with Higgsino-like dark   matter. Thermal dark matter can be allowed only if Neff   tends to its Standard Model value.  We show that the above situation   is realised in models with perturbative moduli stabilisation where   the production of dark radiation is unavoidable since bulk closed   string axions remain light and do not get eaten up by anomalous   U(1)s.</subfield>
  </datafield>
  <datafield tag="540" ind1=" " ind2=" ">
    <subfield code="a">CC-BY-3.0</subfield>
    <subfield code="u">http://creativecommons.org/licenses/by/3.0/</subfield>
  </datafield>
  <datafield tag="542" ind1=" " ind2=" ">
    <subfield code="f"></subfield>
  </datafield>
  <datafield tag="591" ind1=" " ind2=" ">
    <subfield code="a">CC:1</subfield>
  </datafield>
  <datafield tag="591" ind1=" " ind2=" ">
    <subfield code="a">Authors:1</subfield>
  </datafield>
  <datafield tag="591" ind1=" " ind2=" ">
    <subfield code="a">SCOAP3:1</subfield>
  </datafield>
  <datafield tag="591" ind1=" " ind2=" ">
    <subfield code="a">Category:1</subfield>
  </datafield>
  <datafield tag="653" ind1="1" ind2=" ">
    <subfield code="a">cosmology with extra dimensions</subfield>
    <subfield code="9">author</subfield>
  </datafield>
  <datafield tag="653" ind1="1" ind2=" ">
    <subfield code="a">string theory and cosmology</subfield>
    <subfield code="9">author</subfield>
  </datafield>
  <datafield tag="653" ind1="1" ind2=" ">
    <subfield code="a">dark matter theory</subfield>
    <subfield code="9">author</subfield>
  </datafield>
  <datafield tag="653" ind1="1" ind2=" ">
    <subfield code="a">particle physics - cosmology connection</subfield>
    <subfield code="9">author</subfield>
  </datafield>
  <datafield tag="700" ind1=" " ind2=" ">
    <subfield code="a">Cicoli, Michele</subfield>
    <subfield code="v">Dipartimento di Fisica ed Astronomia, Università di Bologna,   Via Irnerio 46, 40126 Bologna, Italy</subfield>
    <subfield code="v">INFN, Sezione di Bologna,   Via Irnerio 46, 40126 Bologna, Italy</subfield>
    <subfield code="v">Abdus Salam ICTP,   Strada Costiera 11, Trieste 34014, Italy</subfield>
    <subfield code="w">Italy</subfield>
  </datafield>
  <datafield tag="700" ind1=" " ind2=" ">
    <subfield code="a">Dutta, Bhaskar</subfield>
    <subfield code="v">Mitchell Institute for Fundamental Physics and Astronomy,   Department of Physics and Astronomy, Texas A&amp;M University,   College Station, TX 77843-4242, U.S.A.</subfield>
    <subfield code="w">USA</subfield>
  </datafield>
  <datafield tag="700" ind1=" " ind2=" ">
    <subfield code="a">Sinha, Kuver</subfield>
    <subfield code="v">Department of Physics, Syracuse University,   Crouse Drive, Syracuse, NY 13244, U.S.A.</subfield>
    <subfield code="w">USA</subfield>
  </datafield>
  <datafield tag="773" ind1=" " ind2=" ">
    <subfield code="p">JCAP</subfield>
    <subfield code="v">1410</subfield>
    <subfield code="n">10</subfield>
    <subfield code="c">002</subfield>
    <subfield code="y">2014</subfield>
  </datafield>
  <datafield tag="856" ind1="4" ind2=" ">
    <subfield code="s">59343</subfield>
    <subfield code="u">http://repo.scoap3.org/record/4206/files/fulltext.xml</subfield>
  </datafield>
  <datafield tag="856" ind1="4" ind2=" ">
    <subfield code="s">616929</subfield>
    <subfield code="u">http://repo.scoap3.org/record/4206/files/fulltext.pdf</subfield>
  </datafield>
  <datafield tag="909" ind1="C" ind2="O">
    <subfield code="o">oai:repo.scoap3.org:4206</subfield>
    <subfield code="p">GLOBAL_SET</subfield>
    <subfield code="p">JOURNAL_OF_COSMOLOGY_AND_ASTROPARTICLE_PHYSICS</subfield>
  </datafield>
  <datafield tag="980" ind1=" " ind2=" ">
    <subfield code="a">SCOAP3</subfield>
    <subfield code="b">IOP</subfield>
  </datafield>
</record>