
<record>
  <controlfield tag="001">4204</controlfield>
  <controlfield tag="005">20151125151533.0</controlfield>
  <datafield tag="022" ind1=" " ind2=" ">
    <subfield code="a">1475-7516</subfield>
  </datafield>
  <datafield tag="024" ind1="7" ind2=" ">
    <subfield code="a">10.1088/1475-7516/2014/10/001</subfield>
    <subfield code="2">DOI</subfield>
    <subfield code="t">2014-10-03T05:07:49Z</subfield>
  </datafield>
  <datafield tag="035" ind1=" " ind2=" ">
    <subfield code="a">1303119</subfield>
    <subfield code="9">INSPIRE</subfield>
  </datafield>
  <datafield tag="037" ind1=" " ind2=" ">
    <subfield code="a">arXiv:1406.6556</subfield>
    <subfield code="9">arXiv</subfield>
  </datafield>
  <datafield tag="100" ind1=" " ind2=" ">
    <subfield code="a">Abada, Asmaa</subfield>
    <subfield code="v">Laboratoire de Physique Théorique,  Université de Paris-Sud 11, Bât. 210, 91405 Orsay Cedex, France</subfield>
    <subfield code="w">France</subfield>
  </datafield>
  <datafield tag="245" ind1=" " ind2=" ">
    <subfield code="a">
Dark matter in the minimal inverse seesaw mechanism</subfield>
  </datafield>
  <datafield tag="260" ind1=" " ind2=" ">
    <subfield code="c">2014-10-01</subfield>
    <subfield code="b">Institute of Physics Publishing/SISSA</subfield>
  </datafield>
  <datafield tag="520" ind1=" " ind2=" ">
    <subfield code="a">We consider the possibility of simultaneously addressing the   dark matter problem and neutrino mass generation in the minimal   inverse seesaw realisation. The Standard Model is extended by two   right-handed neutrinos and three sterile fermionic states, leading   to three light active neutrino mass eigenstates, two pairs of   (heavy) pseudo-Dirac mass eigenstates and one (mostly) sterile state   with mass around the keV, possibly providing a dark matter   candidate, and accounting for the recently observed and still   unidentified monochromatic 3.5 keV line in galaxy cluster   spectra.  The conventional production mechanism through   oscillation from active neutrinos can account only for ∼ 43%   of the observed relic density. This can be slightly increased to   ∼ 48% when including effects of entropy injection from the   decay of light (with mass below 20 GeV) pseudo-Dirac neutrinos. The   correct relic density can be achieved through freeze-in from the   decay of heavy (above the Higgs mass) pseudo-Dirac neutrinos.  This   production is only effective for a limited range of masses, such   that the decay occurs not too far from the electroweak phase   transition.  We thus propose a simple extension of the inverse   seesaw framework, with an extra scalar singlet coupling to both the   Higgs and the sterile neutrinos, which allows to achieve the correct   dark matter abundance in a broader region of the parameter space, in   particular in the low mass region for the pseudo-Dirac neutrinos.</subfield>
  </datafield>
  <datafield tag="540" ind1=" " ind2=" ">
    <subfield code="a">CC-BY-3.0</subfield>
    <subfield code="u">http://creativecommons.org/licenses/by/3.0/</subfield>
  </datafield>
  <datafield tag="542" ind1=" " ind2=" ">
    <subfield code="f"></subfield>
  </datafield>
  <datafield tag="591" ind1=" " ind2=" ">
    <subfield code="a">CC:1</subfield>
  </datafield>
  <datafield tag="591" ind1=" " ind2=" ">
    <subfield code="a">Authors:1</subfield>
  </datafield>
  <datafield tag="591" ind1=" " ind2=" ">
    <subfield code="a">SCOAP3:1</subfield>
  </datafield>
  <datafield tag="591" ind1=" " ind2=" ">
    <subfield code="a">Category:1</subfield>
  </datafield>
  <datafield tag="653" ind1="1" ind2=" ">
    <subfield code="a">physics of the early universe</subfield>
    <subfield code="9">author</subfield>
  </datafield>
  <datafield tag="653" ind1="1" ind2=" ">
    <subfield code="a">dark matter theory</subfield>
    <subfield code="9">author</subfield>
  </datafield>
  <datafield tag="653" ind1="1" ind2=" ">
    <subfield code="a">neutrino theory</subfield>
    <subfield code="9">author</subfield>
  </datafield>
  <datafield tag="700" ind1=" " ind2=" ">
    <subfield code="a">Arcadi, Giorgio</subfield>
    <subfield code="v">Institute for theoretical physics,  Georg-August University Göttingen,  Friedrich-Hund-Platz 1, Göttingen, D-37077 Germany</subfield>
    <subfield code="w">Germany</subfield>
  </datafield>
  <datafield tag="700" ind1=" " ind2=" ">
    <subfield code="a">Lucente, Michele</subfield>
    <subfield code="v">Laboratoire de Physique Théorique,  Université de Paris-Sud 11, Bât. 210, 91405 Orsay Cedex, France</subfield>
    <subfield code="v">Scuola Internazionale Superiore di Studi Avanzati,  via Bonomea 265, 34136 Trieste, Italy</subfield>
    <subfield code="w">Italy</subfield>
    <subfield code="w">France</subfield>
  </datafield>
  <datafield tag="773" ind1=" " ind2=" ">
    <subfield code="p">JCAP</subfield>
    <subfield code="v">1410</subfield>
    <subfield code="n">10</subfield>
    <subfield code="c">001</subfield>
    <subfield code="y">2014</subfield>
  </datafield>
  <datafield tag="856" ind1="4" ind2=" ">
    <subfield code="s">131883</subfield>
    <subfield code="u">http://repo.scoap3.org/record/4204/files/fulltext.xml</subfield>
  </datafield>
  <datafield tag="856" ind1="4" ind2=" ">
    <subfield code="s">1650953</subfield>
    <subfield code="u">http://repo.scoap3.org/record/4204/files/fulltext.pdf</subfield>
  </datafield>
  <datafield tag="909" ind1="C" ind2="O">
    <subfield code="o">oai:repo.scoap3.org:4204</subfield>
    <subfield code="p">GLOBAL_SET</subfield>
    <subfield code="p">JOURNAL_OF_COSMOLOGY_AND_ASTROPARTICLE_PHYSICS</subfield>
  </datafield>
  <datafield tag="980" ind1=" " ind2=" ">
    <subfield code="a">SCOAP3</subfield>
    <subfield code="b">IOP</subfield>
  </datafield>
</record>