
<record>
  <controlfield tag="001">4109</controlfield>
  <controlfield tag="005">20151125151311.0</controlfield>
  <datafield tag="022" ind1=" " ind2=" ">
    <subfield code="a">1475-7516</subfield>
  </datafield>
  <datafield tag="024" ind1="7" ind2=" ">
    <subfield code="a">10.1088/1475-7516/2014/09/038</subfield>
    <subfield code="2">DOI</subfield>
    <subfield code="t">2014-09-26T10:20:10Z</subfield>
  </datafield>
  <datafield tag="035" ind1=" " ind2=" ">
    <subfield code="a">1298487</subfield>
    <subfield code="9">INSPIRE</subfield>
  </datafield>
  <datafield tag="037" ind1=" " ind2=" ">
    <subfield code="a">arXiv:1405.7617</subfield>
    <subfield code="9">arXiv</subfield>
  </datafield>
  <datafield tag="100" ind1=" " ind2=" ">
    <subfield code="a">Sbisà, Fulvio</subfield>
    <subfield code="v">Institute of Cosmology &amp; Gravitation, University of Portsmouth,  Dennis Sciama Building, Portsmouth, PO1 3FX, United Kingdom</subfield>
    <subfield code="v">Dipartimento di Fisica, Università di Milano, and   INFN, Sezione di Milano,   Via Celoria 16, I-20133 Milano, Italy</subfield>
    <subfield code="w">Italy</subfield>
    <subfield code="w">UK</subfield>
  </datafield>
  <datafield tag="245" ind1=" " ind2=" ">
    <subfield code="a">
The critical tension in the Cascading DGP model</subfield>
  </datafield>
  <datafield tag="260" ind1=" " ind2=" ">
    <subfield code="c">2014-09-01</subfield>
    <subfield code="b">Institute of Physics Publishing/SISSA</subfield>
  </datafield>
  <datafield tag="520" ind1=" " ind2=" ">
    <subfield code="a">We study the behaviour of weak gravitational fields in the 6D Cascading DGP model using a bulk-based approach. To deal with the ambiguity in the thin limit of branes of codimension higher than one, we consider a specific regularization of the internal structure of the branes where the 5D brane can be considered thin with respect to the 4D one. We consider the solutions corresponding to pure tension sources on the 4D brane, and study perturbations at first order around these background solutions. We adopt a 4D scalar-vector-tensor decomposition, and focus on the scalar sector of perturbations. We show that, in a suitable 4D limit, the trace part of the 4D metric perturbations obeys a decoupled equation which suggests that it is a ghost for background tensions smaller than a critical tension, while it is a healthy field otherwise. We give a geometrical interpretation of the existence of the critical tension and of the reason why the relevant field is a ghost or not depending on the background tension. We however find a value of the critical tension which is different from the one already found in the literature. Differently from the results in the literature, our analysis implies that, choosing the background tension suitably, we can construct ghost-free models for any value of the free parameters of the theory. We suggest that the difference lies in the procedure used to evaluate the pillbox integration across the codimension-2 brane. We confirm the validity of our analysis by performing numerically the integration in a particular case where the solution inside the thick cod-2 brane is known exactly. We stress that the singular structure of the perturbation fields in the nested branes set-ups is very subtle, and that great care has to be taken when deriving the codimension-2 junction conditions.</subfield>
  </datafield>
  <datafield tag="540" ind1=" " ind2=" ">
    <subfield code="a">CC-BY-3.0</subfield>
    <subfield code="u">http://creativecommons.org/licenses/by/3.0/</subfield>
  </datafield>
  <datafield tag="542" ind1=" " ind2=" ">
    <subfield code="f"></subfield>
  </datafield>
  <datafield tag="591" ind1=" " ind2=" ">
    <subfield code="a">CC:1</subfield>
  </datafield>
  <datafield tag="591" ind1=" " ind2=" ">
    <subfield code="a">Authors:1</subfield>
  </datafield>
  <datafield tag="591" ind1=" " ind2=" ">
    <subfield code="a">SCOAP3:1</subfield>
  </datafield>
  <datafield tag="591" ind1=" " ind2=" ">
    <subfield code="a">Category:1</subfield>
  </datafield>
  <datafield tag="653" ind1="1" ind2=" ">
    <subfield code="a">extra dimensions</subfield>
    <subfield code="9">author</subfield>
  </datafield>
  <datafield tag="653" ind1="1" ind2=" ">
    <subfield code="a">modified gravity</subfield>
    <subfield code="9">author</subfield>
  </datafield>
  <datafield tag="700" ind1=" " ind2=" ">
    <subfield code="a">Koyama, Kazuya</subfield>
    <subfield code="v">Institute of Cosmology &amp; Gravitation, University of Portsmouth,  Dennis Sciama Building, Portsmouth, PO1 3FX, United Kingdom</subfield>
    <subfield code="w">UK</subfield>
  </datafield>
  <datafield tag="773" ind1=" " ind2=" ">
    <subfield code="p">JCAP</subfield>
    <subfield code="v">1409</subfield>
    <subfield code="n">09</subfield>
    <subfield code="c">038</subfield>
    <subfield code="y">2014</subfield>
  </datafield>
  <datafield tag="856" ind1="4" ind2=" ">
    <subfield code="s">145702</subfield>
    <subfield code="u">http://repo.scoap3.org/record/4109/files/fulltext.xml</subfield>
  </datafield>
  <datafield tag="856" ind1="4" ind2=" ">
    <subfield code="s">568601</subfield>
    <subfield code="u">http://repo.scoap3.org/record/4109/files/fulltext.pdf</subfield>
  </datafield>
  <datafield tag="909" ind1="C" ind2="O">
    <subfield code="o">oai:repo.scoap3.org:4109</subfield>
    <subfield code="p">GLOBAL_SET</subfield>
    <subfield code="p">JOURNAL_OF_COSMOLOGY_AND_ASTROPARTICLE_PHYSICS</subfield>
  </datafield>
  <datafield tag="980" ind1=" " ind2=" ">
    <subfield code="a">SCOAP3</subfield>
    <subfield code="b">IOP</subfield>
  </datafield>
</record>