
<record>
  <controlfield tag="001">4055</controlfield>
  <controlfield tag="005">20150408143205.0</controlfield>
  <datafield tag="022" ind1=" " ind2=" ">
    <subfield code="a">1475-7516</subfield>
  </datafield>
  <datafield tag="024" ind1="7" ind2=" ">
    <subfield code="a">10.1088/1475-7516/2014/09/033</subfield>
    <subfield code="2">DOI</subfield>
    <subfield code="t">2014-09-22T16:46:21Z</subfield>
  </datafield>
  <datafield tag="035" ind1=" " ind2=" ">
    <subfield code="a">1300780</subfield>
    <subfield code="9">INSPIRE</subfield>
  </datafield>
  <datafield tag="037" ind1=" " ind2=" ">
    <subfield code="a">arXiv:1406.4190</subfield>
    <subfield code="9">arXiv</subfield>
  </datafield>
  <datafield tag="100" ind1=" " ind2=" ">
    <subfield code="a">Garbrecht, Björn</subfield>
    <subfield code="v">Physik Department T70, James-Franck-Straße,  Technische Universität München,   85748 Garching, Germany</subfield>
    <subfield code="w">Germany</subfield>
  </datafield>
  <datafield tag="245" ind1=" " ind2=" ">
    <subfield code="a">
Strong washout approximation to resonant leptogenesis</subfield>
  </datafield>
  <datafield tag="260" ind1=" " ind2=" ">
    <subfield code="c">2014-09-01</subfield>
    <subfield code="b">Institute of Physics Publishing/SISSA</subfield>
  </datafield>
  <datafield tag="520" ind1=" " ind2=" ">
    <subfield code="a">We show that the effective decay asymmetry for resonant   Leptogenesis in the strong washout regime with two sterile neutrinos   and a single active flavour can in wide regions of parameter space   be approximated by its late-time limit   ε=Xsin(2φ)/(X2+sin2φ), where   X=8πΔ/(|Y1|2+|Y2|2), Δ=4(M1-M2)/(M1+M2),   φ=arg(Y2/Y1), and M1,2, Y1,2 are the masses and   Yukawa couplings of the sterile neutrinos.  This approximation in   particular extends to parametric regions where |Y1,2|2≫ Δ, i.e. where the width dominates the mass splitting.   We generalise the formula for the effective decay asymmetry to the   case of several flavours of active leptons and demonstrate how this   quantity can be used to calculate the lepton asymmetry for   phenomenological scenarios that are in agreement with the observed   neutrino oscillations.  We establish analytic criteria for the   validity of the late-time approximation for the decay asymmetry and   compare these with numerical results that are obtained by solving   for the mixing and the oscillations of the sterile neutrinos. For   phenomenologically viable models with two sterile neutrinos, we find   that the flavoured effective late-time decay asymmetry can be   applied throughout parameter space.</subfield>
  </datafield>
  <datafield tag="540" ind1=" " ind2=" ">
    <subfield code="a">CC-BY-3.0</subfield>
    <subfield code="u">http://creativecommons.org/licenses/by/3.0/</subfield>
  </datafield>
  <datafield tag="542" ind1=" " ind2=" ">
    <subfield code="f"></subfield>
  </datafield>
  <datafield tag="591" ind1=" " ind2=" ">
    <subfield code="a">CC:1</subfield>
  </datafield>
  <datafield tag="591" ind1=" " ind2=" ">
    <subfield code="a">Authors:1</subfield>
  </datafield>
  <datafield tag="591" ind1=" " ind2=" ">
    <subfield code="a">SCOAP3:1</subfield>
  </datafield>
  <datafield tag="591" ind1=" " ind2=" ">
    <subfield code="a">Category:1</subfield>
  </datafield>
  <datafield tag="653" ind1="1" ind2=" ">
    <subfield code="a">baryon asymmetry</subfield>
    <subfield code="9">author</subfield>
  </datafield>
  <datafield tag="653" ind1="1" ind2=" ">
    <subfield code="a">leptogenesis</subfield>
    <subfield code="9">author</subfield>
  </datafield>
  <datafield tag="700" ind1=" " ind2=" ">
    <subfield code="a">Gautier, Florian</subfield>
    <subfield code="v">Physik Department T70, James-Franck-Straße,  Technische Universität München,   85748 Garching, Germany</subfield>
    <subfield code="w">Germany</subfield>
  </datafield>
  <datafield tag="700" ind1=" " ind2=" ">
    <subfield code="a">Klaric, Juraj</subfield>
    <subfield code="v">Physik Department T70, James-Franck-Straße,  Technische Universität München,   85748 Garching, Germany</subfield>
    <subfield code="w">Germany</subfield>
  </datafield>
  <datafield tag="773" ind1=" " ind2=" ">
    <subfield code="p">JCAP</subfield>
    <subfield code="v">1409</subfield>
    <subfield code="n">09</subfield>
    <subfield code="c">033</subfield>
    <subfield code="y">2014</subfield>
  </datafield>
  <datafield tag="856" ind1="4" ind2=" ">
    <subfield code="s">553036</subfield>
    <subfield code="u">http://repo.scoap3.org/record/4055/files/fulltext.pdf</subfield>
  </datafield>
  <datafield tag="856" ind1="4" ind2=" ">
    <subfield code="s">87363</subfield>
    <subfield code="u">http://repo.scoap3.org/record/4055/files/fulltext.xml</subfield>
  </datafield>
  <datafield tag="909" ind1="C" ind2="O">
    <subfield code="o">oai:repo.scoap3.org:4055</subfield>
    <subfield code="p">GLOBAL_SET</subfield>
    <subfield code="p">JOURNAL_OF_COSMOLOGY_AND_ASTROPARTICLE_PHYSICS</subfield>
  </datafield>
  <datafield tag="980" ind1=" " ind2=" ">
    <subfield code="a">SCOAP3</subfield>
    <subfield code="b">IOP</subfield>
  </datafield>
</record>