
<record>
  <controlfield tag="001">4025</controlfield>
  <controlfield tag="005">20151125151215.0</controlfield>
  <datafield tag="022" ind1=" " ind2=" ">
    <subfield code="a">1475-7516</subfield>
  </datafield>
  <datafield tag="024" ind1="7" ind2=" ">
    <subfield code="a">10.1088/1475-7516/2014/09/025</subfield>
    <subfield code="2">DOI</subfield>
    <subfield code="t">2014-09-17T03:03:55Z</subfield>
  </datafield>
  <datafield tag="035" ind1=" " ind2=" ">
    <subfield code="a">1290296</subfield>
    <subfield code="9">INSPIRE</subfield>
  </datafield>
  <datafield tag="037" ind1=" " ind2=" ">
    <subfield code="a">arXiv:1404.3283</subfield>
    <subfield code="9">arXiv</subfield>
  </datafield>
  <datafield tag="100" ind1=" " ind2=" ">
    <subfield code="a">Apel, W.D.</subfield>
    <subfield code="v">Institut für Kernphysik, Karlsruhe Institute of Technology (KIT),   Hermann-von-Helmholtz-Platz 1, 76344 Eggenstein-Leopoldshafen, Germany</subfield>
    <subfield code="w">Germany</subfield>
  </datafield>
  <datafield tag="245" ind1=" " ind2=" ">
    <subfield code="a">
The wavefront of the radio signal emitted by cosmic ray air showers</subfield>
  </datafield>
  <datafield tag="260" ind1=" " ind2=" ">
    <subfield code="c">2014-09-01</subfield>
    <subfield code="b">Institute of Physics Publishing/SISSA</subfield>
  </datafield>
  <datafield tag="520" ind1=" " ind2=" ">
    <subfield code="a">Analyzing measurements of the LOPES antenna array together   with corresponding CoREAS simulations for more than 300 measured   events with energy above 1017 eV and zenith angles smaller   than 45̂, we find that the radio wavefront of cosmic-ray air   showers is of approximately hyperbolic shape. The simulations   predict a slightly steeper wavefront towards East than towards West,   but this asymmetry is negligible against the measurement   uncertainties of LOPES. At axis distances ≳ 50 m, the   wavefront can be approximated by a simple cone.  According to the   simulations, the cone angle is clearly correlated with the shower   maximum. Thus, we confirm earlier predictions that arrival time   measurements can be used to study the longitudinal shower   development, but now using a realistic wavefront.  Moreover, we show   that the hyperbolic wavefront is compatible with our measurement,   and we present several experimental indications that the cone angle   is indeed sensitive to the shower development. Consequently, the   wavefront can be used to statistically study the primary composition   of ultra-high energy cosmic rays. At LOPES, the experimentally   achieved precision for the shower maximum is limited by measurement   uncertainties to approximately 140 g/c 2. But the simulations   indicate that under better conditions this method might yield an   accuracy for the atmospheric depth of the shower maximum,   Xmax, better than 30 g/c 2.  This would be   competitive with the established air-fluorescence and air-Cherenkov   techniques, where the radio technique offers the advantage of a   significantly higher duty-cycle. Finally, the hyperbolic wavefront   can be used to reconstruct the shower geometry more accurately,   which potentially allows a better reconstruction of all other shower   parameters, too.</subfield>
  </datafield>
  <datafield tag="540" ind1=" " ind2=" ">
    <subfield code="a">CC-BY-3.0</subfield>
    <subfield code="u">http://creativecommons.org/licenses/by/3.0/</subfield>
  </datafield>
  <datafield tag="542" ind1=" " ind2=" ">
    <subfield code="f"></subfield>
  </datafield>
  <datafield tag="591" ind1=" " ind2=" ">
    <subfield code="a">CC:1</subfield>
  </datafield>
  <datafield tag="591" ind1=" " ind2=" ">
    <subfield code="a">Authors:1</subfield>
  </datafield>
  <datafield tag="591" ind1=" " ind2=" ">
    <subfield code="a">SCOAP3:1</subfield>
  </datafield>
  <datafield tag="591" ind1=" " ind2=" ">
    <subfield code="a">Category:1</subfield>
  </datafield>
  <datafield tag="653" ind1="1" ind2=" ">
    <subfield code="a">cosmic ray experiments</subfield>
    <subfield code="9">author</subfield>
  </datafield>
  <datafield tag="653" ind1="1" ind2=" ">
    <subfield code="a">ultra high energy cosmic rays</subfield>
    <subfield code="9">author</subfield>
  </datafield>
  <datafield tag="700" ind1=" " ind2=" ">
    <subfield code="a">Arteaga-Velázquez, J.C.</subfield>
    <subfield code="v">Instituto de Física y Matemáticas, Universidad Michoacana,   Edificio C-3, Cd. Universitaria, C.P. 58040 Morelia, Michoacán, Mexico</subfield>
    <subfield code="w">Mexico</subfield>
  </datafield>
  <datafield tag="700" ind1=" " ind2=" ">
    <subfield code="a">Bähren, L.</subfield>
    <subfield code="v">ASTRON,   Oude Hoogeveensedijk 4, 7991 PD Dwingeloo, The Netherlands</subfield>
    <subfield code="w">Netherlands</subfield>
  </datafield>
  <datafield tag="700" ind1=" " ind2=" ">
    <subfield code="a">Bekk, K.</subfield>
    <subfield code="v">Institut für Kernphysik, Karlsruhe Institute of Technology (KIT),   Hermann-von-Helmholtz-Platz 1, 76344 Eggenstein-Leopoldshafen, Germany</subfield>
    <subfield code="w">Germany</subfield>
  </datafield>
  <datafield tag="700" ind1=" " ind2=" ">
    <subfield code="a">Bertaina, M.</subfield>
    <subfield code="v">Dipartimento di Fisica, Università degli Studi di Torino,   Via Giuria 1, 10125 Torino, Italy</subfield>
    <subfield code="w">Italy</subfield>
  </datafield>
  <datafield tag="700" ind1=" " ind2=" ">
    <subfield code="a">Biermann, P.L.</subfield>
    <subfield code="v">Max-Planck-Institut für Radioastronomie,   Auf dem Hügel 69, 53121 Bonn, Germany</subfield>
    <subfield code="w">Germany</subfield>
  </datafield>
  <datafield tag="700" ind1=" " ind2=" ">
    <subfield code="a">Blümer, J.</subfield>
    <subfield code="v">Institut für Kernphysik, Karlsruhe Institute of Technology (KIT),   Hermann-von-Helmholtz-Platz 1, 76344 Eggenstein-Leopoldshafen, Germany</subfield>
    <subfield code="v">Institut für Experimentelle Kernphysik,  Karlsruhe Institute of Technology (KIT),   Hermann-von-Helmholtz-Platz 1, 76344 Eggenstein-Leopoldshafen, Germany</subfield>
    <subfield code="w">Germany</subfield>
  </datafield>
  <datafield tag="700" ind1=" " ind2=" ">
    <subfield code="a">Bozdog, H.</subfield>
    <subfield code="v">Institut für Kernphysik, Karlsruhe Institute of Technology (KIT),   Hermann-von-Helmholtz-Platz 1, 76344 Eggenstein-Leopoldshafen, Germany</subfield>
    <subfield code="w">Germany</subfield>
  </datafield>
  <datafield tag="700" ind1=" " ind2=" ">
    <subfield code="a">Brancus, I.M.</subfield>
    <subfield code="v">National Institute of Physics and Nuclear Engineering,   Str. Reactorului no. 30, P.O. Box MG-6, Bucharest-Magurele, Romania</subfield>
    <subfield code="w">Romania</subfield>
  </datafield>
  <datafield tag="700" ind1=" " ind2=" ">
    <subfield code="a">Cantoni, E.</subfield>
    <subfield code="v">Dipartimento di Fisica, Università degli Studi di Torino,   Via Giuria 1, 10125 Torino, Italy</subfield>
    <subfield code="v">Osservatorio Astrofisico di Torino, INAF Torino,   Via Osservatorio 20, 10025 Pino Torinese, Torino, Italy</subfield>
    <subfield code="w">Italy</subfield>
  </datafield>
  <datafield tag="700" ind1=" " ind2=" ">
    <subfield code="a">Chiavassa, A.</subfield>
    <subfield code="v">Dipartimento di Fisica, Università degli Studi di Torino,   Via Giuria 1, 10125 Torino, Italy</subfield>
    <subfield code="w">Italy</subfield>
  </datafield>
  <datafield tag="700" ind1=" " ind2=" ">
    <subfield code="a">Daumiller, K.</subfield>
    <subfield code="v">Institut für Kernphysik, Karlsruhe Institute of Technology (KIT),   Hermann-von-Helmholtz-Platz 1, 76344 Eggenstein-Leopoldshafen, Germany</subfield>
    <subfield code="w">Germany</subfield>
  </datafield>
  <datafield tag="700" ind1=" " ind2=" ">
    <subfield code="a">de Souza, V.</subfield>
    <subfield code="v">Instituto de Física de São Carlos,  Universidade de São Paulo,   Av. Trabalhador São-Carlense 400, Pq. Arnold Schmidt, São Carlos, Brasil</subfield>
    <subfield code="w">Brazil</subfield>
  </datafield>
  <datafield tag="700" ind1=" " ind2=" ">
    <subfield code="a">Pierro, F. Di</subfield>
    <subfield code="v">Dipartimento di Fisica, Università degli Studi di Torino,   Via Giuria 1, 10125 Torino, Italy</subfield>
    <subfield code="w">Italy</subfield>
  </datafield>
  <datafield tag="700" ind1=" " ind2=" ">
    <subfield code="a">Doll, P.</subfield>
    <subfield code="v">Institut für Kernphysik, Karlsruhe Institute of Technology (KIT),   Hermann-von-Helmholtz-Platz 1, 76344 Eggenstein-Leopoldshafen, Germany</subfield>
    <subfield code="w">Germany</subfield>
  </datafield>
  <datafield tag="700" ind1=" " ind2=" ">
    <subfield code="a">Engel, R.</subfield>
    <subfield code="v">Institut für Kernphysik, Karlsruhe Institute of Technology (KIT),   Hermann-von-Helmholtz-Platz 1, 76344 Eggenstein-Leopoldshafen, Germany</subfield>
    <subfield code="w">Germany</subfield>
  </datafield>
  <datafield tag="700" ind1=" " ind2=" ">
    <subfield code="a">Falcke, H.</subfield>
    <subfield code="v">ASTRON,   Oude Hoogeveensedijk 4, 7991 PD Dwingeloo, The Netherlands</subfield>
    <subfield code="v">Max-Planck-Institut für Radioastronomie,   Auf dem Hügel 69, 53121 Bonn, Germany</subfield>
    <subfield code="v">Department of Astrophysics, Radboud University Nijmegen,   Heijendaalseweg 135, 6525 AJ Nijmegen, The Netherlands</subfield>
    <subfield code="w">Netherlands</subfield>
    <subfield code="w">Germany</subfield>
  </datafield>
  <datafield tag="700" ind1=" " ind2=" ">
    <subfield code="a">Fuchs, B.</subfield>
    <subfield code="v">Institut für Experimentelle Kernphysik,  Karlsruhe Institute of Technology (KIT),   Hermann-von-Helmholtz-Platz 1, 76344 Eggenstein-Leopoldshafen, Germany</subfield>
    <subfield code="w">Germany</subfield>
  </datafield>
  <datafield tag="700" ind1=" " ind2=" ">
    <subfield code="a">Gemmeke, H.</subfield>
    <subfield code="v">Institut für Prozessdatenverarbeitung und Elektronik,   Karlsruhe Institute of Technology (KIT),   Hermann-von-Helmholtz-Platz 1, 76344 Eggenstein-Leopoldshafen, Germany</subfield>
    <subfield code="w">Germany</subfield>
  </datafield>
  <datafield tag="700" ind1=" " ind2=" ">
    <subfield code="a">Grupen, C.</subfield>
    <subfield code="v">Faculty of Natural Sciences and Engineering, Universität Siegen,   Walter-Flex-Straße 3, 57072 Siegen, Germany</subfield>
    <subfield code="w">Germany</subfield>
  </datafield>
  <datafield tag="700" ind1=" " ind2=" ">
    <subfield code="a">Haungs, A.</subfield>
    <subfield code="v">Institut für Kernphysik, Karlsruhe Institute of Technology (KIT),   Hermann-von-Helmholtz-Platz 1, 76344 Eggenstein-Leopoldshafen, Germany</subfield>
    <subfield code="w">Germany</subfield>
  </datafield>
  <datafield tag="700" ind1=" " ind2=" ">
    <subfield code="a">Heck, D.</subfield>
    <subfield code="v">Institut für Kernphysik, Karlsruhe Institute of Technology (KIT),   Hermann-von-Helmholtz-Platz 1, 76344 Eggenstein-Leopoldshafen, Germany</subfield>
    <subfield code="w">Germany</subfield>
  </datafield>
  <datafield tag="700" ind1=" " ind2=" ">
    <subfield code="a">Hörandel, J.R.</subfield>
    <subfield code="v">Department of Astrophysics, Radboud University Nijmegen,   Heijendaalseweg 135, 6525 AJ Nijmegen, The Netherlands</subfield>
    <subfield code="w">Netherlands</subfield>
  </datafield>
  <datafield tag="700" ind1=" " ind2=" ">
    <subfield code="a">Horneffer, A.</subfield>
    <subfield code="v">Max-Planck-Institut für Radioastronomie,   Auf dem Hügel 69, 53121 Bonn, Germany</subfield>
    <subfield code="w">Germany</subfield>
  </datafield>
  <datafield tag="700" ind1=" " ind2=" ">
    <subfield code="a">Huber, D.</subfield>
    <subfield code="v">Institut für Experimentelle Kernphysik,  Karlsruhe Institute of Technology (KIT),   Hermann-von-Helmholtz-Platz 1, 76344 Eggenstein-Leopoldshafen, Germany</subfield>
    <subfield code="w">Germany</subfield>
  </datafield>
  <datafield tag="700" ind1=" " ind2=" ">
    <subfield code="a">Huege, T.</subfield>
    <subfield code="v">Institut für Kernphysik, Karlsruhe Institute of Technology (KIT),   Hermann-von-Helmholtz-Platz 1, 76344 Eggenstein-Leopoldshafen, Germany</subfield>
    <subfield code="w">Germany</subfield>
  </datafield>
  <datafield tag="700" ind1=" " ind2=" ">
    <subfield code="a">Isar, P.G.</subfield>
    <subfield code="v">Institute for Space Sciences,   409 Atomistilor Street, Bucharest-Magurele, Romania</subfield>
    <subfield code="w">Romania</subfield>
  </datafield>
  <datafield tag="700" ind1=" " ind2=" ">
    <subfield code="a">Kampert, K.-H.</subfield>
    <subfield code="v">Fachbereich C, Physik, Bergische Universität Wuppertal,   Gaußstraße 20, 42119 Wuppertal, Germany</subfield>
    <subfield code="w">Germany</subfield>
  </datafield>
  <datafield tag="700" ind1=" " ind2=" ">
    <subfield code="a">Kang, D.</subfield>
    <subfield code="v">Institut für Experimentelle Kernphysik,  Karlsruhe Institute of Technology (KIT),   Hermann-von-Helmholtz-Platz 1, 76344 Eggenstein-Leopoldshafen, Germany</subfield>
    <subfield code="w">Germany</subfield>
  </datafield>
  <datafield tag="700" ind1=" " ind2=" ">
    <subfield code="a">Krömer, O.</subfield>
    <subfield code="v">Institut für Prozessdatenverarbeitung und Elektronik,   Karlsruhe Institute of Technology (KIT),   Hermann-von-Helmholtz-Platz 1, 76344 Eggenstein-Leopoldshafen, Germany</subfield>
    <subfield code="w">Germany</subfield>
  </datafield>
  <datafield tag="700" ind1=" " ind2=" ">
    <subfield code="a">Kuijpers, J.</subfield>
    <subfield code="v">Department of Astrophysics, Radboud University Nijmegen,   Heijendaalseweg 135, 6525 AJ Nijmegen, The Netherlands</subfield>
    <subfield code="w">Netherlands</subfield>
  </datafield>
  <datafield tag="700" ind1=" " ind2=" ">
    <subfield code="a">Link, K.</subfield>
    <subfield code="v">Institut für Experimentelle Kernphysik,  Karlsruhe Institute of Technology (KIT),   Hermann-von-Helmholtz-Platz 1, 76344 Eggenstein-Leopoldshafen, Germany</subfield>
    <subfield code="w">Germany</subfield>
  </datafield>
  <datafield tag="700" ind1=" " ind2=" ">
    <subfield code="a">Łuczak, P.</subfield>
    <subfield code="v">Department of Astrophysics, National Centre for Nuclear Research,   ul. Uniwersytecka 5, 90-137 Łód\'z, Poland</subfield>
    <subfield code="w">Poland</subfield>
  </datafield>
  <datafield tag="700" ind1=" " ind2=" ">
    <subfield code="a">Ludwig, M.</subfield>
    <subfield code="v">Institut für Experimentelle Kernphysik,  Karlsruhe Institute of Technology (KIT),   Hermann-von-Helmholtz-Platz 1, 76344 Eggenstein-Leopoldshafen, Germany</subfield>
    <subfield code="w">Germany</subfield>
  </datafield>
  <datafield tag="700" ind1=" " ind2=" ">
    <subfield code="a">Mathes, H.J.</subfield>
    <subfield code="v">Institut für Kernphysik, Karlsruhe Institute of Technology (KIT),   Hermann-von-Helmholtz-Platz 1, 76344 Eggenstein-Leopoldshafen, Germany</subfield>
    <subfield code="w">Germany</subfield>
  </datafield>
  <datafield tag="700" ind1=" " ind2=" ">
    <subfield code="a">Melissas, M.</subfield>
    <subfield code="v">Institut für Experimentelle Kernphysik,  Karlsruhe Institute of Technology (KIT),   Hermann-von-Helmholtz-Platz 1, 76344 Eggenstein-Leopoldshafen, Germany</subfield>
    <subfield code="w">Germany</subfield>
  </datafield>
  <datafield tag="700" ind1=" " ind2=" ">
    <subfield code="a">Morello, C.</subfield>
    <subfield code="v">Osservatorio Astrofisico di Torino, INAF Torino,   Via Osservatorio 20, 10025 Pino Torinese, Torino, Italy</subfield>
    <subfield code="w">Italy</subfield>
  </datafield>
  <datafield tag="700" ind1=" " ind2=" ">
    <subfield code="a">Oehlschläger, J.</subfield>
    <subfield code="v">Institut für Kernphysik, Karlsruhe Institute of Technology (KIT),   Hermann-von-Helmholtz-Platz 1, 76344 Eggenstein-Leopoldshafen, Germany</subfield>
    <subfield code="w">Germany</subfield>
  </datafield>
  <datafield tag="700" ind1=" " ind2=" ">
    <subfield code="a">Palmieri, N.</subfield>
    <subfield code="v">Institut für Experimentelle Kernphysik,  Karlsruhe Institute of Technology (KIT),   Hermann-von-Helmholtz-Platz 1, 76344 Eggenstein-Leopoldshafen, Germany</subfield>
    <subfield code="w">Germany</subfield>
  </datafield>
  <datafield tag="700" ind1=" " ind2=" ">
    <subfield code="a">Pierog, T.</subfield>
    <subfield code="v">Institut für Kernphysik, Karlsruhe Institute of Technology (KIT),   Hermann-von-Helmholtz-Platz 1, 76344 Eggenstein-Leopoldshafen, Germany</subfield>
    <subfield code="w">Germany</subfield>
  </datafield>
  <datafield tag="700" ind1=" " ind2=" ">
    <subfield code="a">Rautenberg, J.</subfield>
    <subfield code="v">Fachbereich C, Physik, Bergische Universität Wuppertal,   Gaußstraße 20, 42119 Wuppertal, Germany</subfield>
    <subfield code="w">Germany</subfield>
  </datafield>
  <datafield tag="700" ind1=" " ind2=" ">
    <subfield code="a">Rebel, H.</subfield>
    <subfield code="v">Institut für Kernphysik, Karlsruhe Institute of Technology (KIT),   Hermann-von-Helmholtz-Platz 1, 76344 Eggenstein-Leopoldshafen, Germany</subfield>
    <subfield code="w">Germany</subfield>
  </datafield>
  <datafield tag="700" ind1=" " ind2=" ">
    <subfield code="a">Roth, M.</subfield>
    <subfield code="v">Institut für Kernphysik, Karlsruhe Institute of Technology (KIT),   Hermann-von-Helmholtz-Platz 1, 76344 Eggenstein-Leopoldshafen, Germany</subfield>
    <subfield code="w">Germany</subfield>
  </datafield>
  <datafield tag="700" ind1=" " ind2=" ">
    <subfield code="a">Rühle, C.</subfield>
    <subfield code="v">Institut für Prozessdatenverarbeitung und Elektronik,   Karlsruhe Institute of Technology (KIT),   Hermann-von-Helmholtz-Platz 1, 76344 Eggenstein-Leopoldshafen, Germany</subfield>
    <subfield code="w">Germany</subfield>
  </datafield>
  <datafield tag="700" ind1=" " ind2=" ">
    <subfield code="a">Saftoiu, A.</subfield>
    <subfield code="v">National Institute of Physics and Nuclear Engineering,   Str. Reactorului no. 30, P.O. Box MG-6, Bucharest-Magurele, Romania</subfield>
    <subfield code="w">Romania</subfield>
  </datafield>
  <datafield tag="700" ind1=" " ind2=" ">
    <subfield code="a">Schieler, H.</subfield>
    <subfield code="v">Institut für Kernphysik, Karlsruhe Institute of Technology (KIT),   Hermann-von-Helmholtz-Platz 1, 76344 Eggenstein-Leopoldshafen, Germany</subfield>
    <subfield code="w">Germany</subfield>
  </datafield>
  <datafield tag="700" ind1=" " ind2=" ">
    <subfield code="a">Schmidt, A.</subfield>
    <subfield code="v">Institut für Prozessdatenverarbeitung und Elektronik,   Karlsruhe Institute of Technology (KIT),   Hermann-von-Helmholtz-Platz 1, 76344 Eggenstein-Leopoldshafen, Germany</subfield>
    <subfield code="w">Germany</subfield>
  </datafield>
  <datafield tag="700" ind1=" " ind2=" ">
    <subfield code="a">Schoo, S.</subfield>
    <subfield code="v">Institut für Kernphysik, Karlsruhe Institute of Technology (KIT),   Hermann-von-Helmholtz-Platz 1, 76344 Eggenstein-Leopoldshafen, Germany</subfield>
    <subfield code="w">Germany</subfield>
  </datafield>
  <datafield tag="700" ind1=" " ind2=" ">
    <subfield code="a">Schröder, F.G.</subfield>
    <subfield code="v">Institut für Kernphysik, Karlsruhe Institute of Technology (KIT),   Hermann-von-Helmholtz-Platz 1, 76344 Eggenstein-Leopoldshafen, Germany</subfield>
    <subfield code="w">Germany</subfield>
  </datafield>
  <datafield tag="700" ind1=" " ind2=" ">
    <subfield code="a">Sima, O.</subfield>
    <subfield code="v">Department of Physics, University of Bucharest,   36-46 Mihail Kogalniceanu Blvd., Bucharest, Romania</subfield>
    <subfield code="w">Romania</subfield>
  </datafield>
  <datafield tag="700" ind1=" " ind2=" ">
    <subfield code="a">Toma, G.</subfield>
    <subfield code="v">National Institute of Physics and Nuclear Engineering,   Str. Reactorului no. 30, P.O. Box MG-6, Bucharest-Magurele, Romania</subfield>
    <subfield code="w">Romania</subfield>
  </datafield>
  <datafield tag="700" ind1=" " ind2=" ">
    <subfield code="a">Trinchero, G.C.</subfield>
    <subfield code="v">Osservatorio Astrofisico di Torino, INAF Torino,   Via Osservatorio 20, 10025 Pino Torinese, Torino, Italy</subfield>
    <subfield code="w">Italy</subfield>
  </datafield>
  <datafield tag="700" ind1=" " ind2=" ">
    <subfield code="a">Weindl, A.</subfield>
    <subfield code="v">Institut für Kernphysik, Karlsruhe Institute of Technology (KIT),   Hermann-von-Helmholtz-Platz 1, 76344 Eggenstein-Leopoldshafen, Germany</subfield>
    <subfield code="w">Germany</subfield>
  </datafield>
  <datafield tag="700" ind1=" " ind2=" ">
    <subfield code="a">Wochele, J.</subfield>
    <subfield code="v">Institut für Kernphysik, Karlsruhe Institute of Technology (KIT),   Hermann-von-Helmholtz-Platz 1, 76344 Eggenstein-Leopoldshafen, Germany</subfield>
    <subfield code="w">Germany</subfield>
  </datafield>
  <datafield tag="700" ind1=" " ind2=" ">
    <subfield code="a">Zabierowski, J.</subfield>
    <subfield code="v">Department of Astrophysics, National Centre for Nuclear Research,   ul. Uniwersytecka 5, 90-137 Łód\'z, Poland</subfield>
    <subfield code="w">Poland</subfield>
  </datafield>
  <datafield tag="700" ind1=" " ind2=" ">
    <subfield code="a">Zensus, J.A.</subfield>
    <subfield code="v">Max-Planck-Institut für Radioastronomie,   Auf dem Hügel 69, 53121 Bonn, Germany</subfield>
    <subfield code="w">Germany</subfield>
  </datafield>
  <datafield tag="773" ind1=" " ind2=" ">
    <subfield code="p">JCAP</subfield>
    <subfield code="v">1409</subfield>
    <subfield code="n">09</subfield>
    <subfield code="c">025</subfield>
    <subfield code="y">2014</subfield>
  </datafield>
  <datafield tag="856" ind1="4" ind2=" ">
    <subfield code="s">686799</subfield>
    <subfield code="u">http://repo.scoap3.org/record/4025/files/fulltext.pdf</subfield>
  </datafield>
  <datafield tag="856" ind1="4" ind2=" ">
    <subfield code="s">89792</subfield>
    <subfield code="u">http://repo.scoap3.org/record/4025/files/fulltext.xml</subfield>
  </datafield>
  <datafield tag="909" ind1="C" ind2="O">
    <subfield code="o">oai:repo.scoap3.org:4025</subfield>
    <subfield code="p">GLOBAL_SET</subfield>
    <subfield code="p">JOURNAL_OF_COSMOLOGY_AND_ASTROPARTICLE_PHYSICS</subfield>
  </datafield>
  <datafield tag="980" ind1=" " ind2=" ">
    <subfield code="a">SCOAP3</subfield>
    <subfield code="b">IOP</subfield>
  </datafield>
</record>