
<record>
  <controlfield tag="001">3866</controlfield>
  <controlfield tag="005">20150408143131.0</controlfield>
  <datafield tag="022" ind1=" " ind2=" ">
    <subfield code="a">1475-7516</subfield>
  </datafield>
  <datafield tag="024" ind1="7" ind2=" ">
    <subfield code="a">10.1088/1475-7516/2014/09/005</subfield>
    <subfield code="2">DOI</subfield>
    <subfield code="t">2014-09-14T08:55:34Z</subfield>
  </datafield>
  <datafield tag="035" ind1=" " ind2=" ">
    <subfield code="a">1292988</subfield>
    <subfield code="9">INSPIRE</subfield>
  </datafield>
  <datafield tag="037" ind1=" " ind2=" ">
    <subfield code="a">arXiv:1404.7349</subfield>
    <subfield code="9">arXiv</subfield>
  </datafield>
  <datafield tag="100" ind1=" " ind2=" ">
    <subfield code="a">Ben-Dayan, Ido</subfield>
    <subfield code="v">DESY Theory Group, Notkestrasse 85, D-22607 Hamburg, Germany</subfield>
    <subfield code="w">Germany</subfield>
  </datafield>
  <datafield tag="773" ind1=" " ind2=" ">
    <subfield code="p">JCAP</subfield>
    <subfield code="v">1409</subfield>
    <subfield code="n">09</subfield>
    <subfield code="c">005</subfield>
    <subfield code="y">2014</subfield>
  </datafield>
  <datafield tag="245" ind1=" " ind2=" ">
    <subfield code="a">R2 log  R quantum corrections and the inflationary observables</subfield>
  </datafield>
  <datafield tag="260" ind1=" " ind2=" ">
    <subfield code="c">2014-09-01</subfield>
    <subfield code="b">Institute of Physics Publishing/SISSA</subfield>
  </datafield>
  <datafield tag="520" ind1=" " ind2=" ">
    <subfield code="a">We study a model of inflation with terms quadratic and logarithmic in the Ricci scalar, where the gravitational action is f(R)=R+α R2+β R2 ln R.  These terms are expected to arise from one loop corrections involving matter fields in curved space-time.    The spectral index ns and the tensor to scalar ratio yield 4 × 10-4≲ r≲0.03 and  0.94≲ ns ≲ 0.99. i.e. r is an order of magnitude bigger or smaller than the original Starobinsky model which predicted r∼ 10-3. Further enhancement of r gives a scale invariant ns∼ 1 or higher.   Other inflationary observables are d ns/dln k ≳ -5.2 × 10-4, μ ≲ 2.1 × 10-8 , y ≲ 2.6 × 10-9. Despite the enhancement in r, if the recent BICEP2 measurement stands, this model is disfavoured.  </subfield>
  </datafield>
  <datafield tag="540" ind1=" " ind2=" ">
    <subfield code="a">CC-BY-3.0</subfield>
    <subfield code="u">http://creativecommons.org/licenses/by/3.0/</subfield>
  </datafield>
  <datafield tag="542" ind1=" " ind2=" ">
    <subfield code="f"></subfield>
  </datafield>
  <datafield tag="591" ind1=" " ind2=" ">
    <subfield code="a">CC:1</subfield>
  </datafield>
  <datafield tag="591" ind1=" " ind2=" ">
    <subfield code="a">Authors:1</subfield>
  </datafield>
  <datafield tag="591" ind1=" " ind2=" ">
    <subfield code="a">SCOAP3:1</subfield>
  </datafield>
  <datafield tag="591" ind1=" " ind2=" ">
    <subfield code="a">Category:1</subfield>
  </datafield>
  <datafield tag="653" ind1="1" ind2=" ">
    <subfield code="a">cosmological perturbation theory</subfield>
    <subfield code="9">author</subfield>
  </datafield>
  <datafield tag="653" ind1="1" ind2=" ">
    <subfield code="a">inflation</subfield>
    <subfield code="9">author</subfield>
  </datafield>
  <datafield tag="700" ind1=" " ind2=" ">
    <subfield code="a">Jing, Shenglin</subfield>
    <subfield code="v">Canadian Institute for Theoretical Astrophysics, University of Toronto,  60 St.George Street, Toronto, ON, M5S 3H8, Canada</subfield>
    <subfield code="v">Department of Astronomy and Astrophysics, University of Toronto,  50 St.George Street, Toronto, ON, M5S 3H4, Canada</subfield>
    <subfield code="w">Canada</subfield>
  </datafield>
  <datafield tag="700" ind1=" " ind2=" ">
    <subfield code="a">Torabian, Mahdi</subfield>
    <subfield code="v">School of Particles and Accelerators, Institute for Research in Fundamental Sciences,  P.O.Box 19395-5531, Tehran, Iran</subfield>
    <subfield code="w">Iran</subfield>
  </datafield>
  <datafield tag="700" ind1=" " ind2=" ">
    <subfield code="a">Westphal, Alexander</subfield>
    <subfield code="v">DESY Theory Group, Notkestrasse 85, D-22607 Hamburg, Germany</subfield>
    <subfield code="w">Germany</subfield>
  </datafield>
  <datafield tag="700" ind1=" " ind2=" ">
    <subfield code="a">Zarate, Lucila</subfield>
    <subfield code="v">Institut für Theoretische Physik, Universität Hamburg,  Notkestrasse 85, D-22761 Hamburg, Germany</subfield>
    <subfield code="w">Germany</subfield>
  </datafield>
  <datafield tag="856" ind1="4" ind2=" ">
    <subfield code="s">32673</subfield>
    <subfield code="u">http://repo.scoap3.org/record/3866/files/fulltext.xml</subfield>
  </datafield>
  <datafield tag="856" ind1="4" ind2=" ">
    <subfield code="s">647023</subfield>
    <subfield code="u">http://repo.scoap3.org/record/3866/files/fulltext.pdf</subfield>
  </datafield>
  <datafield tag="909" ind1="C" ind2="O">
    <subfield code="o">oai:repo.scoap3.org:3866</subfield>
    <subfield code="p">GLOBAL_SET</subfield>
    <subfield code="p">JOURNAL_OF_COSMOLOGY_AND_ASTROPARTICLE_PHYSICS</subfield>
  </datafield>
  <datafield tag="980" ind1=" " ind2=" ">
    <subfield code="a">SCOAP3</subfield>
    <subfield code="b">IOP</subfield>
  </datafield>
</record>