
<record>
  <controlfield tag="001">3714</controlfield>
  <controlfield tag="005">20151125150624.0</controlfield>
  <datafield tag="022" ind1=" " ind2=" ">
    <subfield code="a">1475-7516</subfield>
  </datafield>
  <datafield tag="024" ind1="7" ind2=" ">
    <subfield code="a">10.1088/1475-7516/2014/08/046</subfield>
    <subfield code="2">DOI</subfield>
  </datafield>
  <datafield tag="035" ind1=" " ind2=" ">
    <subfield code="a">1298296</subfield>
    <subfield code="9">INSPIRE</subfield>
  </datafield>
  <datafield tag="037" ind1=" " ind2=" ">
    <subfield code="a">arXiv:1405.6921</subfield>
    <subfield code="9">arXiv</subfield>
  </datafield>
  <datafield tag="100" ind1=" " ind2=" ">
    <subfield code="a">Giacchino, Federica</subfield>
    <subfield code="v">Service de Physique Th?orique, Universit? Libre de Bruxelles,   Boulevard du Triomphe, CP225, 1050 Brussels, Belgium</subfield>
    <subfield code="w">Belgium</subfield>
  </datafield>
  <datafield tag="773" ind1=" " ind2=" ">
    <subfield code="p">JCAP</subfield>
    <subfield code="v">1408</subfield>
    <subfield code="n">08</subfield>
    <subfield code="c">046</subfield>
    <subfield code="y">2014</subfield>
  </datafield>
  <datafield tag="245" ind1=" " ind2=" ">
    <subfield code="a">
Bremsstrahlung and gamma ray lines in 3 scenarios of dark matter annihilation</subfield>
  </datafield>
  <datafield tag="260" ind1=" " ind2=" ">
    <subfield code="c">2014-08-01</subfield>
    <subfield code="b">Institute of Physics Publishing/SISSA</subfield>
  </datafield>
  <datafield tag="520" ind1=" " ind2=" ">
    <subfield code="a">Gamma ray spectral features are of interest for indirect searches of dark matter (DM).  Following Barger et al. we consider 3 simple scenarios of DM that annihilates into Standard Model (SM) fermion pairs. Scenario 1 is a Majorana DM candidate coupled to a charged scalar, scenario 2 is a Majorana DM coupled to a charged gauge boson and scenario 3 is a real scalar DM coupled a charged vector-like fermion. As shown by Barger et al., these 3 scenarios share precisely the same internal Bremsstrahlung spectral signature into gamma rays. Their phenomenology is however distinct. In particular for annihilation into light SM fermions, in the chiral limit, the 2-body annihilation cross section is p-wave suppressed for the Majorana candidates while it is d-wave suppressed for the real scalar. In the present work we study the annihilation into 2 gammas, showing that these three scenarios have distinct, and so potentially distinguishable, spectral signatures into gamma rays. In the case of the real scalar candidate we provide a new calculation of the amplitude for annihilation into 2 gammas. </subfield>
  </datafield>
  <datafield tag="540" ind1=" " ind2=" ">
    <subfield code="a">CC-BY-3.0</subfield>
    <subfield code="u">http://creativecommons.org/licenses/by/3.0/</subfield>
  </datafield>
  <datafield tag="542" ind1=" " ind2=" ">
    <subfield code="f"></subfield>
  </datafield>
  <datafield tag="591" ind1=" " ind2=" ">
    <subfield code="a">CC:1</subfield>
  </datafield>
  <datafield tag="591" ind1=" " ind2=" ">
    <subfield code="a">Authors:1</subfield>
  </datafield>
  <datafield tag="591" ind1=" " ind2=" ">
    <subfield code="a">SCOAP3:1</subfield>
  </datafield>
  <datafield tag="591" ind1=" " ind2=" ">
    <subfield code="a">Category:1</subfield>
  </datafield>
  <datafield tag="653" ind1="1" ind2=" ">
    <subfield code="a">dark matter theory</subfield>
    <subfield code="9">author</subfield>
  </datafield>
  <datafield tag="653" ind1="1" ind2=" ">
    <subfield code="a">gamma ray theory</subfield>
    <subfield code="9">author</subfield>
  </datafield>
  <datafield tag="700" ind1=" " ind2=" ">
    <subfield code="a">Lopez-Honorez, Laura</subfield>
    <subfield code="v">Theoretische Natuurkunde, Vrije Universiteit Brussel and  The International Solvay Institutes, Pleinlaan 2, B-1050 Brussels, Belgium</subfield>
    <subfield code="w">Belgium</subfield>
  </datafield>
  <datafield tag="700" ind1=" " ind2=" ">
    <subfield code="a">Tytgat, Michel H.G.</subfield>
    <subfield code="v">Service de Physique Th?orique, Universit? Libre de Bruxelles,   Boulevard du Triomphe, CP225, 1050 Brussels, Belgium</subfield>
    <subfield code="v">Laboratoire de Physique Th?orique, Universit? de Paris-Sud,  F-91405 Orsay, France</subfield>
    <subfield code="w">Belgium</subfield>
    <subfield code="w">France</subfield>
  </datafield>
  <datafield tag="856" ind1="4" ind2=" ">
    <subfield code="s">66936</subfield>
    <subfield code="u">http://repo.scoap3.org/record/3714/files/fulltext.xml</subfield>
  </datafield>
  <datafield tag="856" ind1="4" ind2=" ">
    <subfield code="s">817188</subfield>
    <subfield code="u">http://repo.scoap3.org/record/3714/files/fulltext.pdf</subfield>
  </datafield>
  <datafield tag="909" ind1="C" ind2="O">
    <subfield code="o">oai:repo.scoap3.org:3714</subfield>
    <subfield code="p">GLOBAL_SET</subfield>
    <subfield code="p">JOURNAL_OF_COSMOLOGY_AND_ASTROPARTICLE_PHYSICS</subfield>
  </datafield>
  <datafield tag="980" ind1=" " ind2=" ">
    <subfield code="a">SCOAP3</subfield>
    <subfield code="b">IOP</subfield>
  </datafield>
</record>