
<record>
  <controlfield tag="001">3659</controlfield>
  <controlfield tag="005">20151125150620.0</controlfield>
  <datafield tag="022" ind1=" " ind2=" ">
    <subfield code="a">1475-7516</subfield>
  </datafield>
  <datafield tag="024" ind1="7" ind2=" ">
    <subfield code="a">10.1088/1475-7516/2014/08/032</subfield>
    <subfield code="2">DOI</subfield>
    <subfield code="t">2014-08-20T17:14:31Z</subfield>
  </datafield>
  <datafield tag="035" ind1=" " ind2=" ">
    <subfield code="a">1227906</subfield>
    <subfield code="9">INSPIRE</subfield>
  </datafield>
  <datafield tag="037" ind1=" " ind2=" ">
    <subfield code="a">arXiv:1304.3262</subfield>
    <subfield code="9">arXiv</subfield>
  </datafield>
  <datafield tag="100" ind1=" " ind2=" ">
    <subfield code="a">Ávila, Santiago</subfield>
    <subfield code="v">Departamento de Física Teórica, Facultad de Ciencias, Universidad Autónoma de Madrid,  28049 Cantoblanco, Madrid, Spain</subfield>
    <subfield code="v">APC, Université Paris-Diderot, CNRS/IN2P3, CEA/IRFU     and Observatoire de Paris,  10 rue Alice Domon et Léonie Duquet,   75205 Paris Cedex 13, France</subfield>
    <subfield code="w">Spain</subfield>
    <subfield code="w">France</subfield>
  </datafield>
  <datafield tag="773" ind1=" " ind2=" ">
    <subfield code="p">JCAP</subfield>
    <subfield code="v">1408</subfield>
    <subfield code="n">08</subfield>
    <subfield code="c">032</subfield>
    <subfield code="y">2014</subfield>
  </datafield>
  <datafield tag="245" ind1=" " ind2=" ">
    <subfield code="a">
Superimposed oscillations in brane inflation</subfield>
  </datafield>
  <datafield tag="260" ind1=" " ind2=" ">
    <subfield code="c">2014-08-01</subfield>
    <subfield code="b">Institute of Physics Publishing/SISSA</subfield>
  </datafield>
  <datafield tag="520" ind1=" " ind2=" ">
    <subfield code="a">  In canonical scalar field inflation, the Starobinsky model (with a   linear potential but discontinuous slope) is remarkable in that   though slow-roll is violated, both the power-spectrum and   bi-spectrum can be calculated exactly analytically. The two-point   function is characterised by different power on large and small   scales, and a burst of small amplitude superimposed oscillations in   between. We extend this analysis to Dirac Born Infeld (DBI)   inflation, for which generalised slow-roll is violated at the   discontinuity and a rapid variation in the speed of sound cS   occurs. In an attempt to characterise the effect of non-linear   kinetic terms on the oscillatory features of the primordial   power-spectrum, we show that the resulting power spectrum has a   shape and features which differ significantly from those of the   standard Starobinsky model. In particular, when cS is small, the   power-spectrum now takes very similar scale invariant values on   large and small scales, while on intermediate scales it is   characterised by much larger amplitude and higher frequency   superimposed oscillations. We also show that calculating   non-Gaussianities in this model is a complicated but interesting   task since all terms in the cubic action now   contribute. Investigating whether the superimposed oscillations   could fit to the Planck Cosmic Microwave Background (CMB) data (for   instance by explaining the large scale Planck anomalies) with, at   the same time, small non-Gaussianities remains an intriguing and   open possibility.</subfield>
  </datafield>
  <datafield tag="540" ind1=" " ind2=" ">
    <subfield code="a">CC-BY-3.0</subfield>
    <subfield code="u">http://creativecommons.org/licenses/by/3.0/</subfield>
  </datafield>
  <datafield tag="542" ind1=" " ind2=" ">
    <subfield code="f"></subfield>
  </datafield>
  <datafield tag="591" ind1=" " ind2=" ">
    <subfield code="a">CC:1</subfield>
  </datafield>
  <datafield tag="591" ind1=" " ind2=" ">
    <subfield code="a">Authors:1</subfield>
  </datafield>
  <datafield tag="591" ind1=" " ind2=" ">
    <subfield code="a">SCOAP3:1</subfield>
  </datafield>
  <datafield tag="591" ind1=" " ind2=" ">
    <subfield code="a">Category:1</subfield>
  </datafield>
  <datafield tag="653" ind1="1" ind2=" ">
    <subfield code="a">inflation</subfield>
    <subfield code="9">author</subfield>
  </datafield>
  <datafield tag="653" ind1="1" ind2=" ">
    <subfield code="a">physics of the early universe</subfield>
    <subfield code="9">author</subfield>
  </datafield>
  <datafield tag="700" ind1=" " ind2=" ">
    <subfield code="a">Martin, Jérôme</subfield>
    <subfield code="v">Institut Astrophysique de Paris, UMR 7095-CNRS, Université Pierre  et Marie Curie,  98bis Boulevard Arago, 75014 Paris, France</subfield>
    <subfield code="w">France</subfield>
  </datafield>
  <datafield tag="700" ind1=" " ind2=" ">
    <subfield code="a">Steer, Danièle A.</subfield>
    <subfield code="v">APC, Université Paris-Diderot, CNRS/IN2P3, CEA/IRFU     and Observatoire de Paris,  10 rue Alice Domon et Léonie Duquet,   75205 Paris Cedex 13, France</subfield>
    <subfield code="v">Institut Astrophysique de Paris, UMR 7095-CNRS, Université Pierre  et Marie Curie,  98bis Boulevard Arago, 75014 Paris, France</subfield>
    <subfield code="w">France</subfield>
  </datafield>
  <datafield tag="856" ind1="4" ind2=" ">
    <subfield code="s">1006116</subfield>
    <subfield code="u">http://repo.scoap3.org/record/3659/files/fulltext.pdf</subfield>
  </datafield>
  <datafield tag="856" ind1="4" ind2=" ">
    <subfield code="s">107054</subfield>
    <subfield code="u">http://repo.scoap3.org/record/3659/files/fulltext.xml</subfield>
  </datafield>
  <datafield tag="909" ind1="C" ind2="O">
    <subfield code="o">oai:repo.scoap3.org:3659</subfield>
    <subfield code="p">GLOBAL_SET</subfield>
    <subfield code="p">JOURNAL_OF_COSMOLOGY_AND_ASTROPARTICLE_PHYSICS</subfield>
  </datafield>
  <datafield tag="980" ind1=" " ind2=" ">
    <subfield code="a">SCOAP3</subfield>
    <subfield code="b">IOP</subfield>
  </datafield>
</record>