
<record>
  <controlfield tag="001">3509</controlfield>
  <controlfield tag="005">20151125150429.0</controlfield>
  <datafield tag="022" ind1=" " ind2=" ">
    <subfield code="a">1475-7516</subfield>
  </datafield>
  <datafield tag="024" ind1="7" ind2=" ">
    <subfield code="a">10.1088/1475-7516/2014/08/014</subfield>
    <subfield code="2">DOI</subfield>
    <subfield code="t">2014-08-20T17:14:31Z</subfield>
  </datafield>
  <datafield tag="035" ind1=" " ind2=" ">
    <subfield code="a">1294151</subfield>
    <subfield code="9">INSPIRE</subfield>
  </datafield>
  <datafield tag="037" ind1=" " ind2=" ">
    <subfield code="a">arXiv:1405.0495</subfield>
    <subfield code="9">arXiv</subfield>
  </datafield>
  <datafield tag="100" ind1=" " ind2=" ">
    <subfield code="a">Davis, Jonathan H.</subfield>
    <subfield code="v">Institute for Particle Physics Phenomenology, Durham University,  South Road, Durham, DH1 3LE, United Kingdom</subfield>
    <subfield code="w">UK</subfield>
  </datafield>
  <datafield tag="773" ind1=" " ind2=" ">
    <subfield code="p">JCAP</subfield>
    <subfield code="v">1408</subfield>
    <subfield code="n">08</subfield>
    <subfield code="c">014</subfield>
    <subfield code="y">2014</subfield>
  </datafield>
  <datafield tag="245" ind1=" " ind2=" ">
    <subfield code="a">
Quantifying the evidence for dark matter in CoGeNT data</subfield>
  </datafield>
  <datafield tag="260" ind1=" " ind2=" ">
    <subfield code="c">2014-08-01</subfield>
    <subfield code="b">Institute of Physics Publishing/SISSA</subfield>
  </datafield>
  <datafield tag="520" ind1=" " ind2=" ">
    <subfield code="a">We perform an independent analysis of data from the CoGeNT direct detection experiment to quantify the evidence for dark matter recoils. We critically re-examine the assumptions that enter the analysis, focusing specifically on the separation of bulk and surface events, the latter of which constitute a large background. This separation is performed using the event rise-time, with the surface events being slower on average. We fit the rise-time distributions for the bulk and surface events with a log-normal and Pareto distribution (which gives a better fit to the tail in the bulk population at high rise-times) and account for the energy-dependence of the bulk fraction using a cubic spline. Using Bayesian and frequentist techniques and additionally investigating the effect of varying the rise-time cut, the bulk background spectrum and bin-sizes, we conclude that the CoGeNT data show a preference for light dark matter recoils at less than 1σ.</subfield>
  </datafield>
  <datafield tag="540" ind1=" " ind2=" ">
    <subfield code="a">CC-BY-3.0</subfield>
    <subfield code="u">http://creativecommons.org/licenses/by/3.0/</subfield>
  </datafield>
  <datafield tag="542" ind1=" " ind2=" ">
    <subfield code="f"></subfield>
  </datafield>
  <datafield tag="591" ind1=" " ind2=" ">
    <subfield code="a">CC:1</subfield>
  </datafield>
  <datafield tag="591" ind1=" " ind2=" ">
    <subfield code="a">Authors:1</subfield>
  </datafield>
  <datafield tag="591" ind1=" " ind2=" ">
    <subfield code="a">SCOAP3:1</subfield>
  </datafield>
  <datafield tag="591" ind1=" " ind2=" ">
    <subfield code="a">Category:1</subfield>
  </datafield>
  <datafield tag="653" ind1="1" ind2=" ">
    <subfield code="a">dark matter detectors</subfield>
    <subfield code="9">author</subfield>
  </datafield>
  <datafield tag="653" ind1="1" ind2=" ">
    <subfield code="a">dark matter experiments</subfield>
    <subfield code="9">author</subfield>
  </datafield>
  <datafield tag="653" ind1="1" ind2=" ">
    <subfield code="a">dark matter theory</subfield>
    <subfield code="9">author</subfield>
  </datafield>
  <datafield tag="700" ind1=" " ind2=" ">
    <subfield code="a">McCabe, Christopher</subfield>
    <subfield code="v">Institute for Particle Physics Phenomenology, Durham University,  South Road, Durham, DH1 3LE, United Kingdom</subfield>
    <subfield code="w">UK</subfield>
  </datafield>
  <datafield tag="700" ind1=" " ind2=" ">
    <subfield code="a">Bœhm, Céline</subfield>
    <subfield code="v">Institute for Particle Physics Phenomenology, Durham University,  South Road, Durham, DH1 3LE, United Kingdom</subfield>
    <subfield code="v">LAPTH, Université de Savoie, CNRS,  BP 110, 74941 Annecy-Le-Vieux, France</subfield>
    <subfield code="w">UK</subfield>
    <subfield code="w">France</subfield>
  </datafield>
  <datafield tag="856" ind1="4" ind2=" ">
    <subfield code="s">1581419</subfield>
    <subfield code="u">http://repo.scoap3.org/record/3509/files/fulltext.pdf</subfield>
  </datafield>
  <datafield tag="856" ind1="4" ind2=" ">
    <subfield code="s">90419</subfield>
    <subfield code="u">http://repo.scoap3.org/record/3509/files/fulltext.xml</subfield>
  </datafield>
  <datafield tag="909" ind1="C" ind2="O">
    <subfield code="o">oai:repo.scoap3.org:3509</subfield>
    <subfield code="p">GLOBAL_SET</subfield>
    <subfield code="p">JOURNAL_OF_COSMOLOGY_AND_ASTROPARTICLE_PHYSICS</subfield>
  </datafield>
  <datafield tag="980" ind1=" " ind2=" ">
    <subfield code="a">SCOAP3</subfield>
    <subfield code="b">IOP</subfield>
  </datafield>
</record>