
<record>
  <controlfield tag="001">3461</controlfield>
  <controlfield tag="005">20150408143047.0</controlfield>
  <datafield tag="022" ind1=" " ind2=" ">
    <subfield code="a">1475-7516</subfield>
  </datafield>
  <datafield tag="024" ind1="7" ind2=" ">
    <subfield code="a">10.1088/1475-7516/2014/08/005</subfield>
    <subfield code="2">DOI</subfield>
    <subfield code="t">2014-08-20T17:14:31Z</subfield>
  </datafield>
  <datafield tag="035" ind1=" " ind2=" ">
    <subfield code="a">1289212</subfield>
    <subfield code="9">INSPIRE</subfield>
  </datafield>
  <datafield tag="037" ind1=" " ind2=" ">
    <subfield code="a">arXiv:1404.2572</subfield>
    <subfield code="9">arXiv</subfield>
  </datafield>
  <datafield tag="100" ind1=" " ind2=" ">
    <subfield code="a">Cerdeño, D.G.</subfield>
    <subfield code="v">Instituto de Física Teórica UAM/CSIC, Universidad Autónoma de Madrid,  28049 Madrid, Spain</subfield>
    <subfield code="v">Departamento de Física Teórica, Universidad Autónoma de Madrid,  28049 Madrid, Spain</subfield>
    <subfield code="w">Spain</subfield>
  </datafield>
  <datafield tag="773" ind1=" " ind2=" ">
    <subfield code="p">JCAP</subfield>
    <subfield code="v">1408</subfield>
    <subfield code="n">08</subfield>
    <subfield code="c">005</subfield>
    <subfield code="y">2014</subfield>
  </datafield>
  <datafield tag="245" ind1=" " ind2=" ">
    <subfield code="a">
Low-mass right-handed sneutrino dark matter: SuperCDMS and LUX constraints and the Galactic Centre gamma-ray excess</subfield>
  </datafield>
  <datafield tag="260" ind1=" " ind2=" ">
    <subfield code="c">2014-08-01</subfield>
    <subfield code="b">Institute of Physics Publishing/SISSA</subfield>
  </datafield>
  <datafield tag="520" ind1=" " ind2=" ">
    <subfield code="a">Recent results from direct and indirect searches for dark matter (DM) have motivated the study of particle physics models that can provide weakly interacting massive particles (WIMPs) in the mass range 1–50 GeV. Viable candidates for light WIMP DM must fulfil stringent constraints. On the one hand, the observation at the LHC of a Higgs boson with Standard Model properties set an upper bound on the coupling of light DM particles to the Higgs, thereby making it difficult to reproduce the correct relic abundance. On the other hand, the recent results from direct searches in the CDMSlite, SuperCDMS and LUX experiments have set upper constraints on the DM scattering cross section. In this paper, we investigate the viability of light right-handed sneutrino DM in the Next-to-Minimal Supersymmetric Model (NMSSM) in the light of these constraints. To this aim, we have carried out a scan in the NMSSM parameter space, imposing experimental bounds on the Higgs sector and low-energy observables, such as the muon anomalous magnetic moment and branching ratios of rare decays. We demonstrate that the enlarged Higgs sector of the NMSSM, together with the flexibility provided by the RH sneutrino parameters, make it possible to obtain viable RH sneutrino DM with a mass as light as 2 GeV. We have also considered the upper bounds on the annihilation cross section from Fermi LAT data on dwarf spheroidal galaxies, and extracted specific examples with mass in the range 8–50 GeV that could account for the apparent low-energy excess in the gamma-ray emission at the Galactic Centre. Then, we have computed the theoretical predictions for the elastic scattering cross-section of RH sneutrinos. Finally, after imposing the recent bounds from SuperCDMS and LUX, we have found a wide area of the parameter space that could be probed by future low-threshold direct detection experiments.</subfield>
  </datafield>
  <datafield tag="540" ind1=" " ind2=" ">
    <subfield code="a">CC-BY-3.0</subfield>
    <subfield code="u">http://creativecommons.org/licenses/by/3.0/</subfield>
  </datafield>
  <datafield tag="542" ind1=" " ind2=" ">
    <subfield code="f"></subfield>
  </datafield>
  <datafield tag="591" ind1=" " ind2=" ">
    <subfield code="a">CC:1</subfield>
  </datafield>
  <datafield tag="591" ind1=" " ind2=" ">
    <subfield code="a">Authors:1</subfield>
  </datafield>
  <datafield tag="591" ind1=" " ind2=" ">
    <subfield code="a">SCOAP3:1</subfield>
  </datafield>
  <datafield tag="591" ind1=" " ind2=" ">
    <subfield code="a">Category:1</subfield>
  </datafield>
  <datafield tag="653" ind1="1" ind2=" ">
    <subfield code="a">dark matter theory</subfield>
    <subfield code="9">author</subfield>
  </datafield>
  <datafield tag="653" ind1="1" ind2=" ">
    <subfield code="a">supersymmetry and cosmology</subfield>
    <subfield code="9">author</subfield>
  </datafield>
  <datafield tag="700" ind1=" " ind2=" ">
    <subfield code="a">Peiró, M.</subfield>
    <subfield code="v">Instituto de Física Teórica UAM/CSIC, Universidad Autónoma de Madrid,  28049 Madrid, Spain</subfield>
    <subfield code="v">Departamento de Física Teórica, Universidad Autónoma de Madrid,  28049 Madrid, Spain</subfield>
    <subfield code="w">Spain</subfield>
  </datafield>
  <datafield tag="700" ind1=" " ind2=" ">
    <subfield code="a">Robles, S.</subfield>
    <subfield code="v">Instituto de Física Teórica UAM/CSIC, Universidad Autónoma de Madrid,  28049 Madrid, Spain</subfield>
    <subfield code="v">Departamento de Física Teórica, Universidad Autónoma de Madrid,  28049 Madrid, Spain</subfield>
    <subfield code="w">Spain</subfield>
  </datafield>
  <datafield tag="856" ind1="4" ind2=" ">
    <subfield code="s">2675488</subfield>
    <subfield code="u">http://repo.scoap3.org/record/3461/files/fulltext.pdf</subfield>
  </datafield>
  <datafield tag="856" ind1="4" ind2=" ">
    <subfield code="s">94097</subfield>
    <subfield code="u">http://repo.scoap3.org/record/3461/files/fulltext.xml</subfield>
  </datafield>
  <datafield tag="909" ind1="C" ind2="O">
    <subfield code="o">oai:repo.scoap3.org:3461</subfield>
    <subfield code="p">GLOBAL_SET</subfield>
    <subfield code="p">JOURNAL_OF_COSMOLOGY_AND_ASTROPARTICLE_PHYSICS</subfield>
  </datafield>
  <datafield tag="980" ind1=" " ind2=" ">
    <subfield code="a">SCOAP3</subfield>
    <subfield code="b">IOP</subfield>
  </datafield>
</record>