
<record>
  <controlfield tag="001">3458</controlfield>
  <controlfield tag="005">20150408143047.0</controlfield>
  <datafield tag="022" ind1=" " ind2=" ">
    <subfield code="a">1475-7516</subfield>
  </datafield>
  <datafield tag="024" ind1="7" ind2=" ">
    <subfield code="a">10.1088/1475-7516/2014/08/003</subfield>
    <subfield code="2">DOI</subfield>
    <subfield code="t">2014-08-20T17:14:31Z</subfield>
  </datafield>
  <datafield tag="035" ind1=" " ind2=" ">
    <subfield code="a">1278075</subfield>
    <subfield code="9">INSPIRE</subfield>
  </datafield>
  <datafield tag="037" ind1=" " ind2=" ">
    <subfield code="a">arXiv:1401.4347</subfield>
    <subfield code="9">arXiv</subfield>
  </datafield>
  <datafield tag="100" ind1=" " ind2=" ">
    <subfield code="a">Sierra, D. Aristizabal</subfield>
    <subfield code="v">IFPA, Dep. AGO, Université de Liège,   Bat B5, Sart Tilman B-4000 Liège 1, Belgium</subfield>
    <subfield code="w">Belgium</subfield>
  </datafield>
  <datafield tag="773" ind1=" " ind2=" ">
    <subfield code="p">JCAP</subfield>
    <subfield code="v">1408</subfield>
    <subfield code="n">08</subfield>
    <subfield code="c">003</subfield>
    <subfield code="y">2014</subfield>
  </datafield>
  <datafield tag="245" ind1=" " ind2=" ">
    <subfield code="a">
Scalar triplet flavored leptogenesis: a systematic approach</subfield>
  </datafield>
  <datafield tag="260" ind1=" " ind2=" ">
    <subfield code="c">2014-08-01</subfield>
    <subfield code="b">Institute of Physics Publishing/SISSA</subfield>
  </datafield>
  <datafield tag="520" ind1=" " ind2=" ">
    <subfield code="a">Type-II seesaw is a simple scenario in which Majorana   neutrino masses are generated by the exchange of a heavy scalar   electroweak triplet. When endowed with additional heavy fields, such   as right-handed neutrinos or extra triplets, it also provides a   compelling framework for baryogenesis via leptogenesis.  We derive   in this context the full network of Boltzmann equations for studying   leptogenesis in the flavored regime.  To this end we determine the   relations which hold among the chemical potentials of the various   particle species in the thermal bath.  This takes into account the   standard model Yukawa interactions of both leptons and quarks as   well as sphaleron processes which, depending on the temperature, may   be classified as faster or slower than the Universe Hubble   expansion.  We find that when leptogenesis is enabled by the   presence of an extra triplet, lepton flavor effects allow the   production of the B-L asymmetry through lepton number conserving   CP asymmetries. This scenario becomes dominant as soon as the   triplets couple more to leptons than to standard model scalar   doublets.  In this case, the way the B-L asymmetry is created   through flavor effects is novel: instead of invoking the effect of   L-violating inverse decays faster than the Hubble rate, it   involves the effect of L-violating decays slower than the Hubble   rate.  We also analyze the more general situation where lepton   number violating CP asymmetries are present and actively participate   in the generation of the B-L asymmetry, pointing out that as long   as L-violating triplet decays are still in thermal equilibrium   when the triplet gauge scattering processes decouple, flavor effects   can be striking, allowing to avoid all washout suppression effects from seesaw interactions.  In this case the amount of B-L asymmetry produced is limited only by a universal gauge suppression effect, which nevertheless goes away for large triplet decay rates.</subfield>
  </datafield>
  <datafield tag="540" ind1=" " ind2=" ">
    <subfield code="a">CC-BY-3.0</subfield>
    <subfield code="u">http://creativecommons.org/licenses/by/3.0/</subfield>
  </datafield>
  <datafield tag="542" ind1=" " ind2=" ">
    <subfield code="f"></subfield>
  </datafield>
  <datafield tag="591" ind1=" " ind2=" ">
    <subfield code="a">CC:1</subfield>
  </datafield>
  <datafield tag="591" ind1=" " ind2=" ">
    <subfield code="a">Authors:1</subfield>
  </datafield>
  <datafield tag="591" ind1=" " ind2=" ">
    <subfield code="a">SCOAP3:1</subfield>
  </datafield>
  <datafield tag="591" ind1=" " ind2=" ">
    <subfield code="a">Category:1</subfield>
  </datafield>
  <datafield tag="653" ind1="1" ind2=" ">
    <subfield code="a">baryon asymmetry</subfield>
    <subfield code="9">author</subfield>
  </datafield>
  <datafield tag="653" ind1="1" ind2=" ">
    <subfield code="a">neutrino theory</subfield>
    <subfield code="9">author</subfield>
  </datafield>
  <datafield tag="653" ind1="1" ind2=" ">
    <subfield code="a">leptogenesis</subfield>
    <subfield code="9">author</subfield>
  </datafield>
  <datafield tag="700" ind1=" " ind2=" ">
    <subfield code="a">Dhen, Mikaël</subfield>
    <subfield code="v">Service de Physique Théorique, Université Libre de Bruxelles,   Bld du Triomphe, CP225, 1050 Brussels, Belgium</subfield>
    <subfield code="w">Belgium</subfield>
  </datafield>
  <datafield tag="700" ind1=" " ind2=" ">
    <subfield code="a">Hambye, Thomas</subfield>
    <subfield code="v">Service de Physique Théorique, Université Libre de Bruxelles,   Bld du Triomphe, CP225, 1050 Brussels, Belgium</subfield>
    <subfield code="w">Belgium</subfield>
  </datafield>
  <datafield tag="856" ind1="4" ind2=" ">
    <subfield code="s">183691</subfield>
    <subfield code="u">http://repo.scoap3.org/record/3458/files/fulltext.xml</subfield>
  </datafield>
  <datafield tag="856" ind1="4" ind2=" ">
    <subfield code="s">4542256</subfield>
    <subfield code="u">http://repo.scoap3.org/record/3458/files/fulltext.pdf</subfield>
  </datafield>
  <datafield tag="909" ind1="C" ind2="O">
    <subfield code="o">oai:repo.scoap3.org:3458</subfield>
    <subfield code="p">GLOBAL_SET</subfield>
    <subfield code="p">JOURNAL_OF_COSMOLOGY_AND_ASTROPARTICLE_PHYSICS</subfield>
  </datafield>
  <datafield tag="980" ind1=" " ind2=" ">
    <subfield code="a">SCOAP3</subfield>
    <subfield code="b">IOP</subfield>
  </datafield>
</record>