
<record>
  <controlfield tag="001">3416</controlfield>
  <controlfield tag="005">20150408143043.0</controlfield>
  <datafield tag="022" ind1=" " ind2=" ">
    <subfield code="a">1475-7516</subfield>
  </datafield>
  <datafield tag="024" ind1="7" ind2=" ">
    <subfield code="a">10.1088/1475-7516/2014/07/053</subfield>
    <subfield code="2">DOI</subfield>
    <subfield code="t">2014-08-20T17:14:31Z</subfield>
  </datafield>
  <datafield tag="035" ind1=" " ind2=" ">
    <subfield code="a">1287614</subfield>
    <subfield code="9">INSPIRE</subfield>
  </datafield>
  <datafield tag="037" ind1=" " ind2=" ">
    <subfield code="a">arXiv:1403.7189</subfield>
    <subfield code="9">arXiv</subfield>
  </datafield>
  <datafield tag="100" ind1=" " ind2=" ">
    <subfield code="a">Kallosh, Renata</subfield>
    <subfield code="v">Stanford Institute for Theoretical Physics, and Department of Physics, Stanford University,  382 Via Pueblo Mall, Stanford, CA 94305-4060, U.S.A.</subfield>
    <subfield code="w">USA</subfield>
  </datafield>
  <datafield tag="773" ind1=" " ind2=" ">
    <subfield code="p">JCAP</subfield>
    <subfield code="v">1407</subfield>
    <subfield code="n">07</subfield>
    <subfield code="c">053</subfield>
    <subfield code="y">2014</subfield>
  </datafield>
  <datafield tag="245" ind1=" " ind2=" ">
    <subfield code="a">
Is imaginary Starobinsky model real?</subfield>
  </datafield>
  <datafield tag="260" ind1=" " ind2=" ">
    <subfield code="c">2014-07-01</subfield>
    <subfield code="b">Institute of Physics Publishing/SISSA</subfield>
  </datafield>
  <datafield tag="520" ind1=" " ind2=" ">
    <subfield code="a">We investigate the recently proposed possibility of chaotic inflation with respect to the imaginary part of the field T in a supersymmetric embedding of the Starobinsky model.  We show that the stage of rapid expansion driven by Im T in this model ends almost instantly, and the subsequent stages of inflation are driven by the real part of the field T, as in the standard Starobinsky model. Thus, the  Starobinsky model and its supersymmetric generalizations remain disfavored by the recent BICEP2 data. </subfield>
  </datafield>
  <datafield tag="540" ind1=" " ind2=" ">
    <subfield code="a">CC-BY-3.0</subfield>
    <subfield code="u">http://creativecommons.org/licenses/by/3.0/</subfield>
  </datafield>
  <datafield tag="542" ind1=" " ind2=" ">
    <subfield code="f"></subfield>
  </datafield>
  <datafield tag="591" ind1=" " ind2=" ">
    <subfield code="a">CC:1</subfield>
  </datafield>
  <datafield tag="591" ind1=" " ind2=" ">
    <subfield code="a">Authors:1</subfield>
  </datafield>
  <datafield tag="591" ind1=" " ind2=" ">
    <subfield code="a">SCOAP3:1</subfield>
  </datafield>
  <datafield tag="591" ind1=" " ind2=" ">
    <subfield code="a">Category:1</subfield>
  </datafield>
  <datafield tag="653" ind1="1" ind2=" ">
    <subfield code="a">inflation</subfield>
    <subfield code="9">author</subfield>
  </datafield>
  <datafield tag="653" ind1="1" ind2=" ">
    <subfield code="a">gravitational waves and CMBR polarization</subfield>
    <subfield code="9">author</subfield>
  </datafield>
  <datafield tag="653" ind1="1" ind2=" ">
    <subfield code="a">modified gravity</subfield>
    <subfield code="9">author</subfield>
  </datafield>
  <datafield tag="700" ind1=" " ind2=" ">
    <subfield code="a">Linde, Andrei</subfield>
    <subfield code="v">Stanford Institute for Theoretical Physics, and Department of Physics, Stanford University,  382 Via Pueblo Mall, Stanford, CA 94305-4060, U.S.A.</subfield>
    <subfield code="w">USA</subfield>
  </datafield>
  <datafield tag="700" ind1=" " ind2=" ">
    <subfield code="a">Vercnocke, Bert</subfield>
    <subfield code="v">Stanford Institute for Theoretical Physics, and Department of Physics, Stanford University,  382 Via Pueblo Mall, Stanford, CA 94305-4060, U.S.A.</subfield>
    <subfield code="w">USA</subfield>
  </datafield>
  <datafield tag="700" ind1=" " ind2=" ">
    <subfield code="a">Chemissany, Wissam</subfield>
    <subfield code="v">Stanford Institute for Theoretical Physics, and Department of Physics, Stanford University,  382 Via Pueblo Mall, Stanford, CA 94305-4060, U.S.A.</subfield>
    <subfield code="w">USA</subfield>
  </datafield>
  <datafield tag="856" ind1="4" ind2=" ">
    <subfield code="s">2163073</subfield>
    <subfield code="u">http://repo.scoap3.org/record/3416/files/fulltext.pdf</subfield>
  </datafield>
  <datafield tag="856" ind1="4" ind2=" ">
    <subfield code="s">33877</subfield>
    <subfield code="u">http://repo.scoap3.org/record/3416/files/fulltext.xml</subfield>
  </datafield>
  <datafield tag="909" ind1="C" ind2="O">
    <subfield code="o">oai:repo.scoap3.org:3416</subfield>
    <subfield code="p">GLOBAL_SET</subfield>
    <subfield code="p">JOURNAL_OF_COSMOLOGY_AND_ASTROPARTICLE_PHYSICS</subfield>
  </datafield>
  <datafield tag="980" ind1=" " ind2=" ">
    <subfield code="a">SCOAP3</subfield>
    <subfield code="b">IOP</subfield>
  </datafield>
</record>