
<record>
  <controlfield tag="001">3415</controlfield>
  <controlfield tag="005">20150408143043.0</controlfield>
  <datafield tag="022" ind1=" " ind2=" ">
    <subfield code="a">1475-7516</subfield>
  </datafield>
  <datafield tag="024" ind1="7" ind2=" ">
    <subfield code="a">10.1088/1475-7516/2014/07/052</subfield>
    <subfield code="2">DOI</subfield>
    <subfield code="t">2014-08-20T17:14:31Z</subfield>
  </datafield>
  <datafield tag="035" ind1=" " ind2=" ">
    <subfield code="a">1297080</subfield>
    <subfield code="9">INSPIRE</subfield>
  </datafield>
  <datafield tag="037" ind1=" " ind2=" ">
    <subfield code="a">arXiv:1405.4706</subfield>
    <subfield code="9">arXiv</subfield>
  </datafield>
  <datafield tag="100" ind1=" " ind2=" ">
    <subfield code="a">Sierra, D. Aristizabal</subfield>
    <subfield code="v">IFPA, Department of Astrophysics, Geophysics and Oceanography, Universite de  Liege,  Bat B5, Sart Tilman B-4000 Liege 1,  Belgium</subfield>
    <subfield code="w">Belgium</subfield>
  </datafield>
  <datafield tag="773" ind1=" " ind2=" ">
    <subfield code="p">JCAP</subfield>
    <subfield code="v">1407</subfield>
    <subfield code="n">07</subfield>
    <subfield code="c">052</subfield>
    <subfield code="y">2014</subfield>
  </datafield>
  <datafield tag="245" ind1=" " ind2=" ">
    <subfield code="a">
Leptogenesis with a dynamical seesaw scale</subfield>
  </datafield>
  <datafield tag="260" ind1=" " ind2=" ">
    <subfield code="c">2014-07-01</subfield>
    <subfield code="b">Institute of Physics Publishing/SISSA</subfield>
  </datafield>
  <datafield tag="520" ind1=" " ind2=" ">
    <subfield code="a">In the simplest type-I seesaw leptogenesis scenario right-handed   neutrino annihilation processes are absent. However, in the presence   of new interactions these processes are possible and can affect the   resulting B-L asymmetry in an important way. A prominent example   is provided by models with spontaneous lepton number violation,   where the existence of new dynamical degrees of freedom can play a   crucial role.     In this context, we provide a model-independent discussion of the   effects of right-handed neutrino annihilations.   We show that in the weak washout regime, as long as the scattering   processes remain slow compared with the Hubble expansion rate   throughout the relevant temperature range, the efficiency can be   largely enhanced, reaching in some cases maximal values. Moreover,   the B-L asymmetry yield turns out to be independent upon initial   conditions, in contrast to the ''standard'' case. On the other hand,   when the annihilation processes are fast, the right-handed neutrino   distribution tends to a thermal one down to low temperatures,   implying a drastic suppression of the efficiency which in some cases   can render the B-L generation mechanism inoperative.</subfield>
  </datafield>
  <datafield tag="540" ind1=" " ind2=" ">
    <subfield code="a">CC-BY-3.0</subfield>
    <subfield code="u">http://creativecommons.org/licenses/by/3.0/</subfield>
  </datafield>
  <datafield tag="542" ind1=" " ind2=" ">
    <subfield code="f"></subfield>
  </datafield>
  <datafield tag="591" ind1=" " ind2=" ">
    <subfield code="a">CC:1</subfield>
  </datafield>
  <datafield tag="591" ind1=" " ind2=" ">
    <subfield code="a">Authors:1</subfield>
  </datafield>
  <datafield tag="591" ind1=" " ind2=" ">
    <subfield code="a">SCOAP3:1</subfield>
  </datafield>
  <datafield tag="591" ind1=" " ind2=" ">
    <subfield code="a">Category:1</subfield>
  </datafield>
  <datafield tag="653" ind1="1" ind2=" ">
    <subfield code="a">baryon asymmetry</subfield>
    <subfield code="9">author</subfield>
  </datafield>
  <datafield tag="653" ind1="1" ind2=" ">
    <subfield code="a">neutrino theory</subfield>
    <subfield code="9">author</subfield>
  </datafield>
  <datafield tag="653" ind1="1" ind2=" ">
    <subfield code="a">leptogenesis</subfield>
    <subfield code="9">author</subfield>
  </datafield>
  <datafield tag="653" ind1="1" ind2=" ">
    <subfield code="a">particle physics - cosmology connection</subfield>
    <subfield code="9">author</subfield>
  </datafield>
  <datafield tag="700" ind1=" " ind2=" ">
    <subfield code="a">Tórtola, M.</subfield>
    <subfield code="v">AHEP Group, Institut de Física Corpuscular -- C.S.I.C./Universitat de València,   Parc Cientific de Paterna, C/Catedratico Jose Beltran,  2 E-46980 Paterna (València), Spain</subfield>
    <subfield code="w">Spain</subfield>
  </datafield>
  <datafield tag="700" ind1=" " ind2=" ">
    <subfield code="a">Valle, J.W.F.</subfield>
    <subfield code="v">AHEP Group, Institut de Física Corpuscular -- C.S.I.C./Universitat de València,   Parc Cientific de Paterna, C/Catedratico Jose Beltran,  2 E-46980 Paterna (València), Spain</subfield>
    <subfield code="w">Spain</subfield>
  </datafield>
  <datafield tag="700" ind1=" " ind2=" ">
    <subfield code="a">Vicente, A.</subfield>
    <subfield code="v">IFPA, Department of Astrophysics, Geophysics and Oceanography, Universite de  Liege,  Bat B5, Sart Tilman B-4000 Liege 1,  Belgium</subfield>
    <subfield code="w">Belgium</subfield>
  </datafield>
  <datafield tag="856" ind1="4" ind2=" ">
    <subfield code="s">76470</subfield>
    <subfield code="u">http://repo.scoap3.org/record/3415/files/fulltext.xml</subfield>
  </datafield>
  <datafield tag="856" ind1="4" ind2=" ">
    <subfield code="s">942774</subfield>
    <subfield code="u">http://repo.scoap3.org/record/3415/files/fulltext.pdf</subfield>
  </datafield>
  <datafield tag="909" ind1="C" ind2="O">
    <subfield code="o">oai:repo.scoap3.org:3415</subfield>
    <subfield code="p">GLOBAL_SET</subfield>
    <subfield code="p">JOURNAL_OF_COSMOLOGY_AND_ASTROPARTICLE_PHYSICS</subfield>
  </datafield>
  <datafield tag="980" ind1=" " ind2=" ">
    <subfield code="a">SCOAP3</subfield>
    <subfield code="b">IOP</subfield>
  </datafield>
</record>