
<record>
  <controlfield tag="001">3269</controlfield>
  <controlfield tag="005">20150408143028.0</controlfield>
  <datafield tag="022" ind1=" " ind2=" ">
    <subfield code="a">1475-7516</subfield>
  </datafield>
  <datafield tag="024" ind1="7" ind2=" ">
    <subfield code="a">10.1088/1475-7516/2014/07/025</subfield>
    <subfield code="2">DOI</subfield>
  </datafield>
  <datafield tag="035" ind1=" " ind2=" ">
    <subfield code="a">1290329</subfield>
    <subfield code="9">INSPIRE</subfield>
  </datafield>
  <datafield tag="037" ind1=" " ind2=" ">
    <subfield code="a">arXiv:1404.3699</subfield>
    <subfield code="9">arXiv</subfield>
  </datafield>
  <datafield tag="100" ind1=" " ind2=" ">
    <subfield code="a">Enqvist, Kari</subfield>
    <subfield code="v">University of Helsinki and Helsinki Institute of Physics,  P.O. Box 64, Helsinki, FI-00014 Finland</subfield>
    <subfield code="w">Finland</subfield>
  </datafield>
  <datafield tag="773" ind1=" " ind2=" ">
    <subfield code="p">JCAP</subfield>
    <subfield code="v">1407</subfield>
    <subfield code="n">07</subfield>
    <subfield code="c">025</subfield>
    <subfield code="y">2014</subfield>
  </datafield>
  <datafield tag="245" ind1=" " ind2=" ">
    <subfield code="a">
Higgs dynamics during inflation</subfield>
  </datafield>
  <datafield tag="260" ind1=" " ind2=" ">
    <subfield code="c">2014-07-01</subfield>
    <subfield code="b">Institute of Physics Publishing/SISSA</subfield>
  </datafield>
  <datafield tag="520" ind1=" " ind2=" ">
    <subfield code="a">
We investigate inflationary Higgs dynamics and
constraints on the Standard Model parameters assuming the Higgs
potential, computed to next-to-next leading order precision, is not
significantly affected by new physics. For a high inflationary scale
H ∼ 1014 GeV suggested by BICEP2, we show that the Higgs is a
light field subject to fluctuations which affect its dynamics in a
stochastic way. Starting from its inflationary value the Higgs must
be able to relax to the Standard Model vacuum well before the
electroweak scale.  We find that this is consistent with the high
inflationary scale only if the top mass mt is significantly below
the best fit value. The region within 2σ errors of the
measured mt, the Higgs mass mh and the strong coupling
αs and consistent with inflation covers approximately the
interval mt≲171.8 GeV+0.538(mh−125.5 GeV) with
125.4 GeV≲mh≲126.3 GeV. If the low
top mass region could be definitively ruled out, the observed high
inflationary scale alone, if confirmed, would seem to imply new
physics necessarily modifying the Standard Model Higgs potential
below the inflationary scale.</subfield>
  </datafield>
  <datafield tag="540" ind1=" " ind2=" ">
    <subfield code="a">CC-BY-3.0</subfield>
    <subfield code="u">http://creativecommons.org/licenses/by/3.0/</subfield>
  </datafield>
  <datafield tag="542" ind1=" " ind2=" ">
    <subfield code="f"></subfield>
  </datafield>
  <datafield tag="591" ind1=" " ind2=" ">
    <subfield code="a">CC:1</subfield>
  </datafield>
  <datafield tag="591" ind1=" " ind2=" ">
    <subfield code="a">Authors:1</subfield>
  </datafield>
  <datafield tag="591" ind1=" " ind2=" ">
    <subfield code="a">SCOAP3:1</subfield>
  </datafield>
  <datafield tag="591" ind1=" " ind2=" ">
    <subfield code="a">Category:1</subfield>
  </datafield>
  <datafield tag="653" ind1="1" ind2=" ">
    <subfield code="a">inflation</subfield>
    <subfield code="9">author</subfield>
  </datafield>
  <datafield tag="653" ind1="1" ind2=" ">
    <subfield code="a">particle physics - cosmology connection</subfield>
    <subfield code="9">author</subfield>
  </datafield>
  <datafield tag="700" ind1=" " ind2=" ">
    <subfield code="a">Meriniemi, Tuukka</subfield>
    <subfield code="v">University of Helsinki and Helsinki Institute of Physics,  P.O. Box 64, Helsinki, FI-00014 Finland</subfield>
    <subfield code="w">Finland</subfield>
  </datafield>
  <datafield tag="700" ind1=" " ind2=" ">
    <subfield code="a">Nurmi, Sami</subfield>
    <subfield code="v">University of Helsinki and Helsinki Institute of Physics,  P.O. Box 64, Helsinki, FI-00014 Finland</subfield>
    <subfield code="w">Finland</subfield>
  </datafield>
  <datafield tag="856" ind1="4" ind2=" ">
    <subfield code="s">47217</subfield>
    <subfield code="u">http://repo.scoap3.org/record/3269/files/fulltext.xml</subfield>
  </datafield>
  <datafield tag="856" ind1="4" ind2=" ">
    <subfield code="s">572177</subfield>
    <subfield code="u">http://repo.scoap3.org/record/3269/files/fulltext.pdf</subfield>
  </datafield>
  <datafield tag="909" ind1="C" ind2="O">
    <subfield code="o">oai:repo.scoap3.org:3269</subfield>
    <subfield code="p">GLOBAL_SET</subfield>
    <subfield code="p">JOURNAL_OF_COSMOLOGY_AND_ASTROPARTICLE_PHYSICS</subfield>
  </datafield>
  <datafield tag="980" ind1=" " ind2=" ">
    <subfield code="a">SCOAP3</subfield>
    <subfield code="b">IOP</subfield>
  </datafield>
</record>