
<record>
  <controlfield tag="001">3154</controlfield>
  <controlfield tag="005">20151125150039.0</controlfield>
  <datafield tag="022" ind1=" " ind2=" ">
    <subfield code="a">1475-7516</subfield>
  </datafield>
  <datafield tag="024" ind1="7" ind2=" ">
    <subfield code="a">10.1088/1475-7516/2014/07/015</subfield>
    <subfield code="2">DOI</subfield>
    <subfield code="t">2014-08-20T17:14:31Z</subfield>
  </datafield>
  <datafield tag="035" ind1=" " ind2=" ">
    <subfield code="a">1294681</subfield>
    <subfield code="9">INSPIRE</subfield>
  </datafield>
  <datafield tag="037" ind1=" " ind2=" ">
    <subfield code="a">arXiv:1405.1259</subfield>
    <subfield code="9">arXiv</subfield>
  </datafield>
  <datafield tag="100" ind1=" " ind2=" ">
    <subfield code="a">Molinaro, Emiliano</subfield>
    <subfield code="v">Physik-Department T30d, Technische Universit?t M?nchen,  James-Franck-Stra?e, 85748 Garching, Germany</subfield>
    <subfield code="w">Germany</subfield>
  </datafield>
  <datafield tag="773" ind1=" " ind2=" ">
    <subfield code="p">JCAP</subfield>
    <subfield code="v">1407</subfield>
    <subfield code="n">07</subfield>
    <subfield code="c">015</subfield>
    <subfield code="y">2014</subfield>
  </datafield>
  <datafield tag="245" ind1=" " ind2=" ">
    <subfield code="a">
FIMP realization of the scotogenic model</subfield>
  </datafield>
  <datafield tag="260" ind1=" " ind2=" ">
    <subfield code="c">2014-07-01</subfield>
    <subfield code="b">Institute of Physics Publishing/SISSA</subfield>
  </datafield>
  <datafield tag="520" ind1=" " ind2=" ">
    <subfield code="a">The scotogenic model is one of the simplest scenarios for physics beyond the Standard Model that can  account for neutrino masses and dark matter at the TeV scale. It contains another scalar doublet and three additional singlet fermions (Ni), all odd under a Z2 symmetry. In this paper, we examine the possibility that the dark matter candidate, N1, does not reach thermal equilibrium in the early Universe so that it behaves  as a Feebly Interacting Massive Particle (FIMP). In that case, it is found that the freeze-in production of dark matter  is entirely dominated by the decays of the odd scalars. We compute the resulting dark matter abundance and study its dependence with the parameters of the model. The freeze-in mechanism is shown to be able to account for the observed relic density over a wide range of dark matter masses, from  the keV to the TeV scale. In addition to freeze-in, the N1 relic density  receives a further contribution from the late decay  of the next-to-lightest odd particle, which we also analyze. Finally, we  consider the possibility that  the dark matter particle is a WIMP but receives an extra contribution to its relic density from the decay of the FIMP (N1). In this case, important signals at direct and indirect detection experiments are generally expected.</subfield>
  </datafield>
  <datafield tag="540" ind1=" " ind2=" ">
    <subfield code="a">CC-BY-3.0</subfield>
    <subfield code="u">http://creativecommons.org/licenses/by/3.0/</subfield>
  </datafield>
  <datafield tag="542" ind1=" " ind2=" ">
    <subfield code="f"></subfield>
  </datafield>
  <datafield tag="591" ind1=" " ind2=" ">
    <subfield code="a">CC:1</subfield>
  </datafield>
  <datafield tag="591" ind1=" " ind2=" ">
    <subfield code="a">Authors:1</subfield>
  </datafield>
  <datafield tag="591" ind1=" " ind2=" ">
    <subfield code="a">SCOAP3:1</subfield>
  </datafield>
  <datafield tag="591" ind1=" " ind2=" ">
    <subfield code="a">Category:1</subfield>
  </datafield>
  <datafield tag="653" ind1="1" ind2=" ">
    <subfield code="a">dark matter theory</subfield>
    <subfield code="9">author</subfield>
  </datafield>
  <datafield tag="653" ind1="1" ind2=" ">
    <subfield code="a">neutrino theory</subfield>
    <subfield code="9">author</subfield>
  </datafield>
  <datafield tag="700" ind1=" " ind2=" ">
    <subfield code="a">Yaguna, Carlos E.</subfield>
    <subfield code="v">Institut f?r Theoretische Physik, Universit?t M?nster,  Wilhelm-Klemm-Stra?e 9, D-48149 M?nster, Germany</subfield>
    <subfield code="w">Germany</subfield>
  </datafield>
  <datafield tag="700" ind1=" " ind2=" ">
    <subfield code="a">Zapata, Oscar</subfield>
    <subfield code="v">Physik-Department T30d, Technische Universit?t M?nchen,  James-Franck-Stra?e, 85748 Garching, Germany</subfield>
    <subfield code="v">Instituto de F?sica, Universidad de Antioquia,  A.A. 1226, Medell?n, Colombia</subfield>
    <subfield code="w">Germany</subfield>
    <subfield code="w">Colombia</subfield>
  </datafield>
  <datafield tag="856" ind1="4" ind2=" ">
    <subfield code="s">1816060</subfield>
    <subfield code="u">http://repo.scoap3.org/record/3154/files/fulltext.pdf</subfield>
  </datafield>
  <datafield tag="856" ind1="4" ind2=" ">
    <subfield code="s">76693</subfield>
    <subfield code="u">http://repo.scoap3.org/record/3154/files/fulltext.xml</subfield>
  </datafield>
  <datafield tag="909" ind1="C" ind2="O">
    <subfield code="o">oai:repo.scoap3.org:3154</subfield>
    <subfield code="p">GLOBAL_SET</subfield>
    <subfield code="p">JOURNAL_OF_COSMOLOGY_AND_ASTROPARTICLE_PHYSICS</subfield>
  </datafield>
  <datafield tag="980" ind1=" " ind2=" ">
    <subfield code="a">SCOAP3</subfield>
    <subfield code="b">IOP</subfield>
  </datafield>
</record>