
<record>
  <controlfield tag="001">3105</controlfield>
  <controlfield tag="005">20150408143011.0</controlfield>
  <datafield tag="022" ind1=" " ind2=" ">
    <subfield code="a">1475-7516</subfield>
  </datafield>
  <datafield tag="024" ind1="7" ind2=" ">
    <subfield code="a">10.1088/1475-7516/2014/07/007</subfield>
    <subfield code="2">DOI</subfield>
    <subfield code="t">2014-08-20T17:14:31Z</subfield>
  </datafield>
  <datafield tag="035" ind1=" " ind2=" ">
    <subfield code="a">1291335</subfield>
    <subfield code="9">INSPIRE</subfield>
  </datafield>
  <datafield tag="037" ind1=" " ind2=" ">
    <subfield code="a">arXiv:1404.5067</subfield>
    <subfield code="9">arXiv</subfield>
  </datafield>
  <datafield tag="100" ind1=" " ind2=" ">
    <subfield code="a">Battarra, Lorenzo</subfield>
    <subfield code="v">Max Planck Institute for Gravitational Physics (Albert Einstein Institute),  14476 Potsdam, Germany</subfield>
    <subfield code="w">Germany</subfield>
  </datafield>
  <datafield tag="773" ind1=" " ind2=" ">
    <subfield code="p">JCAP</subfield>
    <subfield code="v">1407</subfield>
    <subfield code="n">07</subfield>
    <subfield code="c">007</subfield>
    <subfield code="y">2014</subfield>
  </datafield>
  <datafield tag="245" ind1=" " ind2=" ">
    <subfield code="a">
Cosmological perturbations through a non-singular ghost-condensate/Galileon bounce</subfield>
  </datafield>
  <datafield tag="260" ind1=" " ind2=" ">
    <subfield code="c">2014-07-01</subfield>
    <subfield code="b">Institute of Physics Publishing/SISSA</subfield>
  </datafield>
  <datafield tag="520" ind1=" " ind2=" ">
    <subfield code="a">We study the propagation of super-horizon cosmological perturbations in a non-singular bounce spacetime. The model we consider combines a ghost condensate with a Galileon term in order to induce a ghost-free bounce. Our calculation is performed in harmonic gauge, which ensures that the linearized equations of motion remain well-defined and non-singular throughout. We find that, despite the fact that near the bounce the speed of sound becomes imaginary, super-horizon curvature perturbations remain essentially constant across the bounce. In fact, we show that there is a time close to the bounce where curvature perturbations of all wavelengths are required to be momentarily exactly constant. We relate our calculations to those performed in other gauges, and comment on the relation to previous results in the literature.</subfield>
  </datafield>
  <datafield tag="540" ind1=" " ind2=" ">
    <subfield code="a">CC-BY-3.0</subfield>
    <subfield code="u">http://creativecommons.org/licenses/by/3.0/</subfield>
  </datafield>
  <datafield tag="542" ind1=" " ind2=" ">
    <subfield code="f"></subfield>
  </datafield>
  <datafield tag="591" ind1=" " ind2=" ">
    <subfield code="a">CC:1</subfield>
  </datafield>
  <datafield tag="591" ind1=" " ind2=" ">
    <subfield code="a">Authors:1</subfield>
  </datafield>
  <datafield tag="591" ind1=" " ind2=" ">
    <subfield code="a">SCOAP3:1</subfield>
  </datafield>
  <datafield tag="591" ind1=" " ind2=" ">
    <subfield code="a">Category:1</subfield>
  </datafield>
  <datafield tag="653" ind1="1" ind2=" ">
    <subfield code="a">cosmological perturbation theory</subfield>
    <subfield code="9">author</subfield>
  </datafield>
  <datafield tag="653" ind1="1" ind2=" ">
    <subfield code="a">alternatives to inflation</subfield>
    <subfield code="9">author</subfield>
  </datafield>
  <datafield tag="653" ind1="1" ind2=" ">
    <subfield code="a">cosmic singularity</subfield>
    <subfield code="9">author</subfield>
  </datafield>
  <datafield tag="700" ind1=" " ind2=" ">
    <subfield code="a">Koehn, Michael</subfield>
    <subfield code="v">Max Planck Institute for Gravitational Physics (Albert Einstein Institute),  14476 Potsdam, Germany</subfield>
    <subfield code="w">Germany</subfield>
  </datafield>
  <datafield tag="700" ind1=" " ind2=" ">
    <subfield code="a">Lehners, Jean-Luc</subfield>
    <subfield code="v">Max Planck Institute for Gravitational Physics (Albert Einstein Institute),  14476 Potsdam, Germany</subfield>
    <subfield code="w">Germany</subfield>
  </datafield>
  <datafield tag="700" ind1=" " ind2=" ">
    <subfield code="a">Ovrut, Burt A.</subfield>
    <subfield code="v">Department of Physics, University of Pennsylvania,   209 South 33rd Street, Philadelphia, PA 19104-6395, U.S.A.</subfield>
    <subfield code="w">USA</subfield>
  </datafield>
  <datafield tag="856" ind1="4" ind2=" ">
    <subfield code="s">2727305</subfield>
    <subfield code="u">http://repo.scoap3.org/record/3105/files/fulltext.pdf</subfield>
  </datafield>
  <datafield tag="856" ind1="4" ind2=" ">
    <subfield code="s">91940</subfield>
    <subfield code="u">http://repo.scoap3.org/record/3105/files/fulltext.xml</subfield>
  </datafield>
  <datafield tag="909" ind1="C" ind2="O">
    <subfield code="o">oai:repo.scoap3.org:3105</subfield>
    <subfield code="p">GLOBAL_SET</subfield>
    <subfield code="p">JOURNAL_OF_COSMOLOGY_AND_ASTROPARTICLE_PHYSICS</subfield>
  </datafield>
  <datafield tag="980" ind1=" " ind2=" ">
    <subfield code="a">SCOAP3</subfield>
    <subfield code="b">IOP</subfield>
  </datafield>
</record>