
<record>
  <controlfield tag="001">3076</controlfield>
  <controlfield tag="005">20151125145929.0</controlfield>
  <datafield tag="022" ind1=" " ind2=" ">
    <subfield code="a">1475-7516</subfield>
  </datafield>
  <datafield tag="024" ind1="7" ind2=" ">
    <subfield code="a">10.1088/1475-7516/2014/07/004</subfield>
    <subfield code="2">DOI</subfield>
    <subfield code="t">2014-08-20T17:14:31Z</subfield>
  </datafield>
  <datafield tag="035" ind1=" " ind2=" ">
    <subfield code="a">1236761</subfield>
    <subfield code="9">INSPIRE</subfield>
  </datafield>
  <datafield tag="037" ind1=" " ind2=" ">
    <subfield code="a">arXiv:1306.0609</subfield>
    <subfield code="9">arXiv</subfield>
  </datafield>
  <datafield tag="100" ind1=" " ind2=" ">
    <subfield code="a">Chen, Xingang</subfield>
    <subfield code="v">Department of Physics, The University of Texas at Dallas,  800 W. Campbell Road, Richardson, TX, 75083 U.S.A.</subfield>
    <subfield code="v">Centre for Theoretical Cosmology, DAMTP, University of Cambridge,  Wilberforce Road, Cambridge, CB3 0WA U.K.</subfield>
    <subfield code="w">USA</subfield>
    <subfield code="w">UK</subfield>
  </datafield>
  <datafield tag="773" ind1=" " ind2=" ">
    <subfield code="p">JCAP</subfield>
    <subfield code="v">1407</subfield>
    <subfield code="n">07</subfield>
    <subfield code="c">004</subfield>
    <subfield code="y">2014</subfield>
  </datafield>
  <datafield tag="245" ind1=" " ind2=" ">
    <subfield code="a">
Non-Bunch-Davies statistical anisotropies</subfield>
  </datafield>
  <datafield tag="260" ind1=" " ind2=" ">
    <subfield code="c">2014-07-01</subfield>
    <subfield code="b">Institute of Physics Publishing/SISSA</subfield>
  </datafield>
  <datafield tag="520" ind1=" " ind2=" ">
    <subfield code="a">We introduce a generic mechanism that can extend the effects of relic anisotropies at the beginning of inflation to relatively much shorter scales in density perturbations. This is induced by non-Bunch-Davies states of the quantum fluctuations, and can show up in the non-oscillatory components of the density perturbations. This mechanism works for general forms of anisotropies, and, to illustrate it, we use an example of relic vector field. The detailed scale-dependence of these anisotropies can be used to probe the initial quantum state of our universe.</subfield>
  </datafield>
  <datafield tag="540" ind1=" " ind2=" ">
    <subfield code="a">CC-BY-3.0</subfield>
    <subfield code="u">http://creativecommons.org/licenses/by/3.0/</subfield>
  </datafield>
  <datafield tag="542" ind1=" " ind2=" ">
    <subfield code="f"></subfield>
  </datafield>
  <datafield tag="591" ind1=" " ind2=" ">
    <subfield code="a">CC:1</subfield>
  </datafield>
  <datafield tag="591" ind1=" " ind2=" ">
    <subfield code="a">Authors:1</subfield>
  </datafield>
  <datafield tag="591" ind1=" " ind2=" ">
    <subfield code="a">SCOAP3:1</subfield>
  </datafield>
  <datafield tag="591" ind1=" " ind2=" ">
    <subfield code="a">Category:1</subfield>
  </datafield>
  <datafield tag="653" ind1="1" ind2=" ">
    <subfield code="a">inflation</subfield>
    <subfield code="9">author</subfield>
  </datafield>
  <datafield tag="653" ind1="1" ind2=" ">
    <subfield code="a">cosmological parameters from CMBR</subfield>
    <subfield code="9">author</subfield>
  </datafield>
  <datafield tag="700" ind1=" " ind2=" ">
    <subfield code="a">Wang, Yi</subfield>
    <subfield code="v">Centre for Theoretical Cosmology, DAMTP, University of Cambridge,  Wilberforce Road, Cambridge, CB3 0WA U.K.</subfield>
    <subfield code="v">Kvali Institute for the Physics and Mathematics of the Universe (WPI),  Todai Institutes for Advanced Study, University of Tokyo,  5-1-5 Kashiwanoha, Kashiwa, Chiba, 277-8583 Japan</subfield>
    <subfield code="w">Japan</subfield>
    <subfield code="w">UK</subfield>
  </datafield>
  <datafield tag="856" ind1="4" ind2=" ">
    <subfield code="s">208741</subfield>
    <subfield code="u">http://repo.scoap3.org/record/3076/files/fulltext.pdf</subfield>
  </datafield>
  <datafield tag="856" ind1="4" ind2=" ">
    <subfield code="s">37907</subfield>
    <subfield code="u">http://repo.scoap3.org/record/3076/files/fulltext.xml</subfield>
  </datafield>
  <datafield tag="909" ind1="C" ind2="O">
    <subfield code="o">oai:repo.scoap3.org:3076</subfield>
    <subfield code="p">GLOBAL_SET</subfield>
    <subfield code="p">JOURNAL_OF_COSMOLOGY_AND_ASTROPARTICLE_PHYSICS</subfield>
  </datafield>
  <datafield tag="980" ind1=" " ind2=" ">
    <subfield code="a">SCOAP3</subfield>
    <subfield code="b">IOP</subfield>
  </datafield>
</record>