
<record>
  <controlfield tag="001">2852</controlfield>
  <controlfield tag="005">20150408142942.0</controlfield>
  <datafield tag="022" ind1=" " ind2=" ">
    <subfield code="a">1475-7516</subfield>
  </datafield>
  <datafield tag="024" ind1="7" ind2=" ">
    <subfield code="2">DOI</subfield>
    <subfield code="a">10.1088/1475-7516/2014/06/046</subfield>
    <subfield code="t">2014-06-21T04:26:49Z</subfield>
  </datafield>
  <datafield tag="035" ind1=" " ind2=" ">
    <subfield code="9">INSPIRE</subfield>
    <subfield code="a">1280714</subfield>
  </datafield>
  <datafield tag="037" ind1=" " ind2=" ">
    <subfield code="9">arXiv</subfield>
    <subfield code="a">arXiv:1402.2115</subfield>
  </datafield>
  <datafield tag="100" ind1=" " ind2=" ">
    <subfield code="a">Baek, Seungwon</subfield>
    <subfield code="v">School of Physics, Korea Institute for Advanced Study,   Seoul 130-722, Korea</subfield>
    <subfield code="w">South Korea</subfield>
  </datafield>
  <datafield tag="245" ind1=" " ind2=" ">
    <subfield code="a">Indirect and direct signatures of Higgs portal decaying vector dark matter for  positron excess in cosmic rays</subfield>
  </datafield>
  <datafield tag="260" ind1=" " ind2=" ">
    <subfield code="b">Institute of Physics Publishing/SISSA</subfield>
    <subfield code="c">2014-06-01</subfield>
  </datafield>
  <datafield tag="773" ind1=" " ind2=" ">
    <subfield code="c">046</subfield>
    <subfield code="n">06</subfield>
    <subfield code="p">JCAP</subfield>
    <subfield code="v">1406</subfield>
    <subfield code="y">2014</subfield>
  </datafield>
  <datafield tag="520" ind1=" " ind2=" ">
    <subfield code="a">We investigate the indirect signatures  of the  Higgs portal U(1)X vector dark matter 
(VDM) Xμ from both its pair annihilation and decay. 
The VDM is stable at renormalizable level by Z2 symmetry, and  thermalized by 
Higgs-portal interactions.  It can also decay by some nonrenormalizable operators with 
very long lifetime at cosmological time scale.
If dim-6 operators for VDM decays are suppressed by 1016 GeV scale, the lifetime 
of VDM with mass  ∼  2 TeV  is just right for explaining the positron excess 
in cosmic ray observed  by PAMELA and AMS02 Collaborations.  
The VDM decaying into μ+μ− can fit the data, evading various constraints 
on cosmic rays. We give one UV-complete model  as an example. 
This scenario for Higgs portal decaying VDM with mass around  ∼ 2 TeV can be 
tested by DM direct search at XENON1T, and also at the future colliders by measuring  
the Higgs self-couplings.</subfield>
  </datafield>
  <datafield tag="540" ind1=" " ind2=" ">
    <subfield code="a">CC-BY-3.0</subfield>
    <subfield code="u">http://creativecommons.org/licenses/by/3.0/</subfield>
  </datafield>
  <datafield tag="591" ind1=" " ind2=" ">
    <subfield code="a">CC:1</subfield>
  </datafield>
  <datafield tag="591" ind1=" " ind2=" ">
    <subfield code="a">Authors:1</subfield>
  </datafield>
  <datafield tag="591" ind1=" " ind2=" ">
    <subfield code="a">SCOAP3:1</subfield>
  </datafield>
  <datafield tag="591" ind1=" " ind2=" ">
    <subfield code="a">Category:1</subfield>
  </datafield>
  <datafield tag="653" ind1="1" ind2=" ">
    <subfield code="9">author</subfield>
    <subfield code="a">dark matter experiments</subfield>
  </datafield>
  <datafield tag="653" ind1="1" ind2=" ">
    <subfield code="9">author</subfield>
    <subfield code="a">dark matter theory</subfield>
  </datafield>
  <datafield tag="653" ind1="1" ind2=" ">
    <subfield code="9">author</subfield>
    <subfield code="a">cosmic ray experiments</subfield>
  </datafield>
  <datafield tag="700" ind1=" " ind2=" ">
    <subfield code="a">Ko, P.</subfield>
    <subfield code="v">School of Physics, Korea Institute for Advanced Study,   Seoul 130-722, Korea</subfield>
    <subfield code="w">South Korea</subfield>
  </datafield>
  <datafield tag="700" ind1=" " ind2=" ">
    <subfield code="a">Park, Wan-Il</subfield>
    <subfield code="v">School of Physics, Korea Institute for Advanced Study,   Seoul 130-722, Korea</subfield>
    <subfield code="w">South Korea</subfield>
  </datafield>
  <datafield tag="700" ind1=" " ind2=" ">
    <subfield code="a">Tang, Yong</subfield>
    <subfield code="v">School of Physics, Korea Institute for Advanced Study,   Seoul 130-722, Korea</subfield>
    <subfield code="w">South Korea</subfield>
  </datafield>
  <datafield tag="856" ind1="4" ind2=" ">
    <subfield code="s">1662171</subfield>
    <subfield code="u">http://repo.scoap3.org/record/2852/files/fulltext.pdf</subfield>
  </datafield>
  <datafield tag="856" ind1="4" ind2=" ">
    <subfield code="s">84476</subfield>
    <subfield code="u">http://repo.scoap3.org/record/2852/files/fulltext.xml</subfield>
  </datafield>
  <datafield tag="909" ind1="C" ind2="O">
    <subfield code="o">oai:repo.scoap3.org:2852</subfield>
    <subfield code="p">GLOBAL_SET</subfield>
    <subfield code="p">JOURNAL_OF_COSMOLOGY_AND_ASTROPARTICLE_PHYSICS</subfield>
  </datafield>
  <datafield tag="980" ind1=" " ind2=" ">
    <subfield code="a">SCOAP3</subfield>
    <subfield code="b">IOP</subfield>
  </datafield>
</record>