
<record>
  <controlfield tag="001">2841</controlfield>
  <controlfield tag="005">20151125145444.0</controlfield>
  <datafield tag="022" ind1=" " ind2=" ">
    <subfield code="a">1475-7516</subfield>
  </datafield>
  <datafield tag="024" ind1="7" ind2=" ">
    <subfield code="a">10.1088/1475-7516/2014/06/037</subfield>
    <subfield code="2">DOI</subfield>
    <subfield code="t">2014-06-19T03:16:15Z</subfield>
  </datafield>
  <datafield tag="035" ind1=" " ind2=" ">
    <subfield code="a">1288027</subfield>
    <subfield code="9">INSPIRE</subfield>
  </datafield>
  <datafield tag="037" ind1=" " ind2=" ">
    <subfield code="a">arXiv:1404.0008</subfield>
    <subfield code="9">arXiv</subfield>
  </datafield>
  <datafield tag="100" ind1=" " ind2=" ">
    <subfield code="a">Felice, Antonio De</subfield>
    <subfield code="v">Yukawa Institute for Theoretical Physics, Kyoto University,   Kyoto 606-8502, Japan</subfield>
    <subfield code="w">Japan</subfield>
  </datafield>
  <datafield tag="773" ind1=" " ind2=" ">
    <subfield code="p">JCAP</subfield>
    <subfield code="v">1406</subfield>
    <subfield code="n">06</subfield>
    <subfield code="c">037</subfield>
    <subfield code="y">2014</subfield>
  </datafield>
  <datafield tag="245" ind1=" " ind2=" ">
    <subfield code="a">
Viable cosmology in bimetric theory</subfield>
  </datafield>
  <datafield tag="260" ind1=" " ind2=" ">
    <subfield code="c">2014-06-01</subfield>
    <subfield code="b">Institute of Physics Publishing/SISSA</subfield>
  </datafield>
  <datafield tag="520" ind1=" " ind2=" ">
    <subfield code="a">We study cosmological perturbations in bimetric theory with
  two fluids each of which is coupled to one of the two metrics.
  Focusing on a healthy branch of background solutions, we clarify the
  stability of the cosmological perturbations.  For this purpose, we
  extend the condition for the absence of the so-called Higuchi ghost,
  and show that the condition is guaranteed to be satisfied on the
  healthy branch.  We also calculate the squared propagation speeds of
  perturbations and derive the conditions for the absence of the
  gradient instability.  To avoid the gradient instability, we find
  that the model parameters are weakly constrained.</subfield>
  </datafield>
  <datafield tag="540" ind1=" " ind2=" ">
    <subfield code="a">CC-BY-3.0</subfield>
    <subfield code="u">http://creativecommons.org/licenses/by/3.0/</subfield>
  </datafield>
  <datafield tag="542" ind1=" " ind2=" ">
    <subfield code="f"></subfield>
  </datafield>
  <datafield tag="591" ind1=" " ind2=" ">
    <subfield code="a">CC:1</subfield>
  </datafield>
  <datafield tag="591" ind1=" " ind2=" ">
    <subfield code="a">Authors:1</subfield>
  </datafield>
  <datafield tag="591" ind1=" " ind2=" ">
    <subfield code="a">SCOAP3:1</subfield>
  </datafield>
  <datafield tag="591" ind1=" " ind2=" ">
    <subfield code="a">Category:1</subfield>
  </datafield>
  <datafield tag="653" ind1="1" ind2=" ">
    <subfield code="a">cosmological perturbation theory</subfield>
    <subfield code="9">author</subfield>
  </datafield>
  <datafield tag="653" ind1="1" ind2=" ">
    <subfield code="a">modified gravity</subfield>
    <subfield code="9">author</subfield>
  </datafield>
  <datafield tag="700" ind1=" " ind2=" ">
    <subfield code="a">Gümrükçüoğlu, A. Emir</subfield>
    <subfield code="v">School of Mathematical Sciences, University of Nottingham,   University Park, Nottingham, NG7 2RD, U.K.</subfield>
    <subfield code="v">Kavli Institute for the Physics and Mathematics of the Universe,   Todai Institutes for Advanced Study, University of Tokyo (WPI),   5-1-5 Kashiwanoha, Kashiwa, Chiba 277-8583, Japan</subfield>
    <subfield code="w">Japan</subfield>
    <subfield code="w">UK</subfield>
  </datafield>
  <datafield tag="700" ind1=" " ind2=" ">
    <subfield code="a">Mukohyama, Shinji</subfield>
    <subfield code="v">Kavli Institute for the Physics and Mathematics of the Universe,   Todai Institutes for Advanced Study, University of Tokyo (WPI),   5-1-5 Kashiwanoha, Kashiwa, Chiba 277-8583, Japan</subfield>
    <subfield code="w">Japan</subfield>
  </datafield>
  <datafield tag="700" ind1=" " ind2=" ">
    <subfield code="a">Tanahashi, Norihiro</subfield>
    <subfield code="v">Kavli Institute for the Physics and Mathematics of the Universe,   Todai Institutes for Advanced Study, University of Tokyo (WPI),   5-1-5 Kashiwanoha, Kashiwa, Chiba 277-8583, Japan</subfield>
    <subfield code="v">Department of Applied Mathematics and Theoretical Physics,  University of Cambridge,   Wilberforce Road, Cambridge CB3 0WA, U.K.</subfield>
    <subfield code="w">Japan</subfield>
    <subfield code="w">UK</subfield>
  </datafield>
  <datafield tag="700" ind1=" " ind2=" ">
    <subfield code="a">Tanaka, Takahiro</subfield>
    <subfield code="v">Department of Physics, Kyoto University,   Kyoto 606-8502, Japan</subfield>
    <subfield code="v">Yukawa Institute for Theoretical Physics, Kyoto University,   Kyoto 606-8502, Japan</subfield>
    <subfield code="w">Japan</subfield>
  </datafield>
  <datafield tag="856" ind1="4" ind2=" ">
    <subfield code="s">354074</subfield>
    <subfield code="u">http://repo.scoap3.org/record/2841/files/fulltext.pdf</subfield>
  </datafield>
  <datafield tag="856" ind1="4" ind2=" ">
    <subfield code="s">77097</subfield>
    <subfield code="u">http://repo.scoap3.org/record/2841/files/fulltext.xml</subfield>
  </datafield>
  <datafield tag="909" ind1="C" ind2="O">
    <subfield code="o">oai:repo.scoap3.org:2841</subfield>
    <subfield code="p">GLOBAL_SET</subfield>
    <subfield code="p">JOURNAL_OF_COSMOLOGY_AND_ASTROPARTICLE_PHYSICS</subfield>
  </datafield>
  <datafield tag="980" ind1=" " ind2=" ">
    <subfield code="a">SCOAP3</subfield>
    <subfield code="b">IOP</subfield>
  </datafield>
</record>