
<record>
  <controlfield tag="001">2840</controlfield>
  <controlfield tag="005">20151125145443.0</controlfield>
  <datafield tag="022" ind1=" " ind2=" ">
    <subfield code="a">1475-7516</subfield>
  </datafield>
  <datafield tag="024" ind1="7" ind2=" ">
    <subfield code="a">10.1088/1475-7516/2014/06/042</subfield>
    <subfield code="2">DOI</subfield>
    <subfield code="t">2014-06-19T03:16:15Z</subfield>
  </datafield>
  <datafield tag="035" ind1=" " ind2=" ">
    <subfield code="a">1288849</subfield>
    <subfield code="9">INSPIRE</subfield>
  </datafield>
  <datafield tag="037" ind1=" " ind2=" ">
    <subfield code="a">arXiv:1404.1825</subfield>
    <subfield code="9">arXiv</subfield>
  </datafield>
  <datafield tag="100" ind1=" " ind2=" ">
    <subfield code="a">Anchordoqui, Luis A.</subfield>
    <subfield code="v">Department of Physics, University of Wisconsin-Milwaukee, Milwaukee, WI, 53201 U.S.A.</subfield>
    <subfield code="w">USA</subfield>
  </datafield>
  <datafield tag="773" ind1=" " ind2=" ">
    <subfield code="p">JCAP</subfield>
    <subfield code="v">1406</subfield>
    <subfield code="n">06</subfield>
    <subfield code="c">042</subfield>
    <subfield code="y">2014</subfield>
  </datafield>
  <datafield tag="245" ind1=" " ind2=" ">
    <subfield code="a">
 Reconciling BICEP2 and Planck results with right-handed Dirac neutrinos in the fundamental representation of  grand unified E6</subfield>
  </datafield>
  <datafield tag="260" ind1=" " ind2=" ">
    <subfield code="c">2014-06-01</subfield>
    <subfield code="b">Institute of Physics Publishing/SISSA</subfield>
  </datafield>
  <datafield tag="520" ind1=" " ind2=" ">
    <subfield code="a">The tensor-to-scalar ratio (r = 0.20+0.07−0.05) inferred
  from the excess B-mode power observed by the Background Imaging of
  Cosmic Extragalactic Polarization (BICEP2) experiment is almost
  twice as large as the 95% CL upper limits derived from temperature
  measurements of the WMAP (r &lt; 0.13) and Planck (r &lt; 0.11) space
  missions. Very recently, it was suggested that additional
  relativistic degrees of freedom beyond the three active neutrinos
  and photons can help to relieve this tension: the data favor an
  effective number of light neutrino species Neff = 3.86±0.25.  Since the BICEP2 ratio implies the energy scale of inflation
  (V*1/4 ∼ 2 × 1016 GeV) is comparable to the
  grand unification scale, in this paper we investigate whether we can
  accommodate the  required Neff with three right-handed
  (partners of the left-handed standard model) neutrinos living in the
  fundamental representation of a grand unified exceptional E6
  group. We show that the superweak interactions of these Dirac states
  (through their coupling to a TeV-scale Z′ gauge boson) lead to
  decoupling of right-handed neutrino just above the QCD cross over
  transition: 175 MeV≲TνRdec≲250 MeV. For
  decoupling in this transition region, the contribution of the three
  right-handed neutrinos to Neff is suppressed by heating of
  the left-handed neutrinos (and photons). Consistency (within
  1σ) with the favored Neff is achieved for 4.5 TeV &lt; MZ′ &lt; 7.5 TeV. The
  model is fully predictive and can be confronted with future data
  from LHC14.</subfield>
  </datafield>
  <datafield tag="540" ind1=" " ind2=" ">
    <subfield code="a">CC-BY-3.0</subfield>
    <subfield code="u">http://creativecommons.org/licenses/by/3.0/</subfield>
  </datafield>
  <datafield tag="542" ind1=" " ind2=" ">
    <subfield code="f"></subfield>
  </datafield>
  <datafield tag="591" ind1=" " ind2=" ">
    <subfield code="a">CC:1</subfield>
  </datafield>
  <datafield tag="591" ind1=" " ind2=" ">
    <subfield code="a">Authors:1</subfield>
  </datafield>
  <datafield tag="591" ind1=" " ind2=" ">
    <subfield code="a">SCOAP3:1</subfield>
  </datafield>
  <datafield tag="591" ind1=" " ind2=" ">
    <subfield code="a">Category:1</subfield>
  </datafield>
  <datafield tag="653" ind1="1" ind2=" ">
    <subfield code="a">cosmological neutrinos</subfield>
    <subfield code="9">author</subfield>
  </datafield>
  <datafield tag="653" ind1="1" ind2=" ">
    <subfield code="a">particle physics - cosmology connection</subfield>
    <subfield code="9">author</subfield>
  </datafield>
  <datafield tag="700" ind1=" " ind2=" ">
    <subfield code="a">Goldberg, Haim</subfield>
    <subfield code="v">Department of Physics, Northeastern University, Boston, MA, 02115 U.S.A.</subfield>
    <subfield code="w">USA</subfield>
  </datafield>
  <datafield tag="700" ind1=" " ind2=" ">
    <subfield code="a">Huang, Xing</subfield>
    <subfield code="v">Department of Physics, National Taiwan Normal University, Taipei, 116 Taiwan</subfield>
    <subfield code="w">Taiwan</subfield>
  </datafield>
  <datafield tag="700" ind1=" " ind2=" ">
    <subfield code="a">Vlcek, Brian J.</subfield>
    <subfield code="v">Department of Physics, University of Wisconsin-Milwaukee, Milwaukee, WI, 53201 U.S.A.</subfield>
    <subfield code="w">USA</subfield>
  </datafield>
  <datafield tag="856" ind1="4" ind2=" ">
    <subfield code="s">1354622</subfield>
    <subfield code="u">http://repo.scoap3.org/record/2840/files/fulltext.pdf</subfield>
  </datafield>
  <datafield tag="856" ind1="4" ind2=" ">
    <subfield code="s">55795</subfield>
    <subfield code="u">http://repo.scoap3.org/record/2840/files/fulltext.xml</subfield>
  </datafield>
  <datafield tag="909" ind1="C" ind2="O">
    <subfield code="o">oai:repo.scoap3.org:2840</subfield>
    <subfield code="p">GLOBAL_SET</subfield>
    <subfield code="p">JOURNAL_OF_COSMOLOGY_AND_ASTROPARTICLE_PHYSICS</subfield>
  </datafield>
  <datafield tag="980" ind1=" " ind2=" ">
    <subfield code="a">SCOAP3</subfield>
    <subfield code="b">IOP</subfield>
  </datafield>
</record>