
<record>
  <controlfield tag="001">2824</controlfield>
  <controlfield tag="005">20151125145443.0</controlfield>
  <datafield tag="022" ind1=" " ind2=" ">
    <subfield code="a">1475-7516</subfield>
  </datafield>
  <datafield tag="024" ind1="7" ind2=" ">
    <subfield code="a">10.1088/1475-7516/2014/06/036</subfield>
    <subfield code="2">DOI</subfield>
    <subfield code="t">2014-06-18T03:08:51Z</subfield>
  </datafield>
  <datafield tag="035" ind1=" " ind2=" ">
    <subfield code="a">1268675</subfield>
    <subfield code="9">INSPIRE</subfield>
  </datafield>
  <datafield tag="037" ind1=" " ind2=" ">
    <subfield code="a">arXiv:1312.2597</subfield>
    <subfield code="9">arXiv</subfield>
  </datafield>
  <datafield tag="100" ind1=" " ind2=" ">
    <subfield code="a">Koivisto, Tomi</subfield>
    <subfield code="v">Institute for Theoretical Astrophysics, University of Oslo,  P.O. Box 1029 Blindern, N-0315 Oslo, Norway</subfield>
    <subfield code="v">Nordita, KTH Royal Institute of Technology and Stockholm University,  Roslagstullsbacken 23, SE-10691 Stockholm, Sweden</subfield>
    <subfield code="v">Helsinki Institute of Physics,  University of Helsinki FIN-00014 , Helsinki, Finland</subfield>
    <subfield code="w">Sweden</subfield>
    <subfield code="w">Finland</subfield>
    <subfield code="w">Norway</subfield>
  </datafield>
  <datafield tag="773" ind1=" " ind2=" ">
    <subfield code="p">JCAP</subfield>
    <subfield code="v">1406</subfield>
    <subfield code="n">06</subfield>
    <subfield code="c">036</subfield>
    <subfield code="y">2014</subfield>
  </datafield>
  <datafield tag="245" ind1=" " ind2=" ">
    <subfield code="a">
Dark D-brane cosmology</subfield>
  </datafield>
  <datafield tag="260" ind1=" " ind2=" ">
    <subfield code="c">2014-06-01</subfield>
    <subfield code="b">Institute of Physics Publishing/SISSA</subfield>
  </datafield>
  <datafield tag="520" ind1=" " ind2=" ">
    <subfield code="a">
Disformally coupled cosmologies arise  from Dirac-Born-Infeld actions  in Type II string theories, when matter resides on a moving hidden sector D-brane. 
Since such matter interacts only very weakly with the standard model particles, this scenario can provide a natural origin for the dark sector of the universe with a clear geometrical interpretation: dark energy  is identified with the scalar field associated  to the D-brane's position  as it moves in the internal space, 
acting as quintessence, while dark matter is identified with  the matter living on the D-brane,
which can be modelled by a perfect fluid. 
The coupling functions are determined by the (warped) extra-dimensional geometry, and are thus constrained by the theory.  The resulting cosmologies are studied using both dynamical system analysis and numerics. From the dynamical system point of view, one free parameter controls the cosmological dynamics, given by the ratio of the warp factor and the potential energy scales. The disformal coupling allows for new scaling solutions that can describe accelerating cosmologies alleviating the coincidence problem of dark energy. In addition, this scenario may ameliorate the fine-tuning problem of dark energy, whose small value 
may be attained dynamically, without requiring the mass of the dark energy field to be unnaturally low.</subfield>
  </datafield>
  <datafield tag="540" ind1=" " ind2=" ">
    <subfield code="a">CC-BY-3.0</subfield>
    <subfield code="u">http://creativecommons.org/licenses/by/3.0/</subfield>
  </datafield>
  <datafield tag="542" ind1=" " ind2=" ">
    <subfield code="f"></subfield>
  </datafield>
  <datafield tag="591" ind1=" " ind2=" ">
    <subfield code="a">CC:1</subfield>
  </datafield>
  <datafield tag="591" ind1=" " ind2=" ">
    <subfield code="a">Authors:1</subfield>
  </datafield>
  <datafield tag="591" ind1=" " ind2=" ">
    <subfield code="a">SCOAP3:1</subfield>
  </datafield>
  <datafield tag="591" ind1=" " ind2=" ">
    <subfield code="a">Category:1</subfield>
  </datafield>
  <datafield tag="653" ind1="1" ind2=" ">
    <subfield code="a">dark energy theory</subfield>
    <subfield code="9">author</subfield>
  </datafield>
  <datafield tag="653" ind1="1" ind2=" ">
    <subfield code="a">string theory and cosmology</subfield>
    <subfield code="9">author</subfield>
  </datafield>
  <datafield tag="653" ind1="1" ind2=" ">
    <subfield code="a">dark matter theory</subfield>
    <subfield code="9">author</subfield>
  </datafield>
  <datafield tag="700" ind1=" " ind2=" ">
    <subfield code="a">Wills, Danielle</subfield>
    <subfield code="v">Centre for Particle Theory, Department of Mathematical Sciences,  Durham University, South Road, Durham, DH1 3LE, U.K.</subfield>
    <subfield code="w">UK</subfield>
  </datafield>
  <datafield tag="700" ind1=" " ind2=" ">
    <subfield code="a">Zavala, Ivonne</subfield>
    <subfield code="v">Centre for Theoretical Physics, University of Groningen,  Nijenborgh 4, 9747 AG Groningen, The Netherlands</subfield>
    <subfield code="w">Netherlands</subfield>
  </datafield>
  <datafield tag="856" ind1="4" ind2=" ">
    <subfield code="s">158323</subfield>
    <subfield code="u">http://repo.scoap3.org/record/2824/files/fulltext.xml</subfield>
  </datafield>
  <datafield tag="856" ind1="4" ind2=" ">
    <subfield code="s">2190710</subfield>
    <subfield code="u">http://repo.scoap3.org/record/2824/files/fulltext.pdf</subfield>
  </datafield>
  <datafield tag="909" ind1="C" ind2="O">
    <subfield code="o">oai:repo.scoap3.org:2824</subfield>
    <subfield code="p">GLOBAL_SET</subfield>
    <subfield code="p">JOURNAL_OF_COSMOLOGY_AND_ASTROPARTICLE_PHYSICS</subfield>
  </datafield>
  <datafield tag="980" ind1=" " ind2=" ">
    <subfield code="a">SCOAP3</subfield>
    <subfield code="b">IOP</subfield>
  </datafield>
</record>