
<record>
  <controlfield tag="001">2797</controlfield>
  <controlfield tag="005">20151125145355.0</controlfield>
  <datafield tag="022" ind1=" " ind2=" ">
    <subfield code="a">1475-7516</subfield>
  </datafield>
  <datafield tag="024" ind1="7" ind2=" ">
    <subfield code="2">DOI</subfield>
    <subfield code="a">10.1088/1475-7516/2014/06/030</subfield>
    <subfield code="t">2014-06-14T06:01:46Z</subfield>
  </datafield>
  <datafield tag="035" ind1=" " ind2=" ">
    <subfield code="9">INSPIRE</subfield>
    <subfield code="a">1256298</subfield>
  </datafield>
  <datafield tag="037" ind1=" " ind2=" ">
    <subfield code="9">arXiv</subfield>
    <subfield code="a">arXiv:1310.0358</subfield>
  </datafield>
  <datafield tag="100" ind1=" " ind2=" ">
    <subfield code="a">Arhrib, Abdesslam</subfield>
    <subfield code="v">Faculty of Science and Techniques, AbdelMalek Essaadi University,   B.P 416 Tangier, Morocco</subfield>
    <subfield code="v">Institute of Physics, Academia Sinica,   Nankang, Taipei 11529, Taiwan</subfield>
    <subfield code="w">Morocco</subfield>
    <subfield code="w">Taiwan</subfield>
  </datafield>
  <datafield tag="245" ind1=" " ind2=" ">
    <subfield code="a">An updated analysis of Inert Higgs Doublet Model in light of the recent results from LUX, PLANCK, AMS-02 and LHC</subfield>
  </datafield>
  <datafield tag="260" ind1=" " ind2=" ">
    <subfield code="b">Institute of Physics Publishing/SISSA</subfield>
    <subfield code="c">2014-06-01</subfield>
  </datafield>
  <datafield tag="773" ind1=" " ind2=" ">
    <subfield code="c">030</subfield>
    <subfield code="n">06</subfield>
    <subfield code="p">JCAP</subfield>
    <subfield code="v">1406</subfield>
    <subfield code="y">2014</subfield>
  </datafield>
  <datafield tag="520" ind1=" " ind2=" ">
    <subfield code="a">In light of the recent discovery by the ATLAS and CMS
  experiments at the Large Hadron Collider (LHC) of a Higgs-like
  particle with a narrow mass range of 125–126 GeV, we perform an
  updated analysis on one of the popular scalar dark matter models,
  the Inert Higgs Doublet Model (IHDM).  We take into account in our
  likelihood analysis of various experimental constraints, including
  recent relic density measurement, dark matter direct and indirect
  detection constraints as well as the latest collider constraints on
  the invisible decay width of the Higgs boson and monojet search at
  the LHC.  It is shown that if the invisible decay of the standard
  model Higgs boson is open, LHC as well as direct detection
  experiments like LUX and XENON100 could put stringent limits on the
  Higgs boson couplings to dark matter.  We find that the most
  favoured parameter space for IHDM corresponds to dark matter with a
  mass less than 100 GeV or so.  In particular, the best-fit points
  are at the dark matter mass around 70 GeV where the invisible Higgs
  decay to dark matter is closed.  Scalar dark matter in the higher
  mass range of 0.5–4 TeV is also explored in our study.  Projected
  sensitivities for the future experiments of monojet at LHC-14,
  XENON1T and AMS-02 one year antiproton flux are shown to put further
  constraints on the existing parameter space of IHDM.</subfield>
  </datafield>
  <datafield tag="540" ind1=" " ind2=" ">
    <subfield code="a">CC-BY-3.0</subfield>
    <subfield code="u">http://creativecommons.org/licenses/by/3.0/</subfield>
  </datafield>
  <datafield tag="591" ind1=" " ind2=" ">
    <subfield code="a">CC:1</subfield>
  </datafield>
  <datafield tag="591" ind1=" " ind2=" ">
    <subfield code="a">Authors:1</subfield>
  </datafield>
  <datafield tag="591" ind1=" " ind2=" ">
    <subfield code="a">SCOAP3:1</subfield>
  </datafield>
  <datafield tag="591" ind1=" " ind2=" ">
    <subfield code="a">Category:1</subfield>
  </datafield>
  <datafield tag="653" ind1="1" ind2=" ">
    <subfield code="9">author</subfield>
    <subfield code="a">dark matter simulations</subfield>
  </datafield>
  <datafield tag="653" ind1="1" ind2=" ">
    <subfield code="9">author</subfield>
    <subfield code="a">dark matter detectors</subfield>
  </datafield>
  <datafield tag="653" ind1="1" ind2=" ">
    <subfield code="9">author</subfield>
    <subfield code="a">dark matter experiments</subfield>
  </datafield>
  <datafield tag="653" ind1="1" ind2=" ">
    <subfield code="9">author</subfield>
    <subfield code="a">dark matter theory</subfield>
  </datafield>
  <datafield tag="700" ind1=" " ind2=" ">
    <subfield code="a">Tsai, Yue-Lin Sming</subfield>
    <subfield code="v">Institute of Physics, Academia Sinica,   Nankang, Taipei 11529, Taiwan</subfield>
    <subfield code="v">Kavli IPMU (WPI), University of Tokyo,   Kashiwa, Chiba 277-8583, Japan</subfield>
    <subfield code="w">Japan</subfield>
    <subfield code="w">Taiwan</subfield>
  </datafield>
  <datafield tag="700" ind1=" " ind2=" ">
    <subfield code="a">Yuan, Qiang</subfield>
    <subfield code="v">Key Laboratory of Particle Astrophysics,  Institute of High Energy Physics,   Chinese Academy of Sciences, Beijing 100049, P.R. China</subfield>
    <subfield code="v">Key Laboratory of Dark Matter and Space Astronomy,  Purple Mountain Observatory,   Chinese Academy of Sciences, Nanjing 210008, P.R. China</subfield>
    <subfield code="w">China</subfield>
  </datafield>
  <datafield tag="700" ind1=" " ind2=" ">
    <subfield code="a">Yuan, Tzu-Chiang</subfield>
    <subfield code="v">Institute of Physics, Academia Sinica,   Nankang, Taipei 11529, Taiwan</subfield>
    <subfield code="w">Taiwan</subfield>
  </datafield>
  <datafield tag="856" ind1="4" ind2=" ">
    <subfield code="s">139517</subfield>
    <subfield code="u">http://repo.scoap3.org/record/2797/files/fulltext.xml</subfield>
  </datafield>
  <datafield tag="856" ind1="4" ind2=" ">
    <subfield code="s">2831097</subfield>
    <subfield code="u">http://repo.scoap3.org/record/2797/files/fulltext.pdf</subfield>
  </datafield>
  <datafield tag="909" ind1="C" ind2="O">
    <subfield code="o">oai:repo.scoap3.org:2797</subfield>
    <subfield code="p">GLOBAL_SET</subfield>
    <subfield code="p">PR China</subfield>
    <subfield code="p">JOURNAL_OF_COSMOLOGY_AND_ASTROPARTICLE_PHYSICS</subfield>
    <subfield code="p">PR_China</subfield>
  </datafield>
  <datafield tag="980" ind1=" " ind2=" ">
    <subfield code="a">SCOAP3</subfield>
    <subfield code="b">IOP</subfield>
  </datafield>
</record>