
<record>
  <controlfield tag="001">2785</controlfield>
  <controlfield tag="005">20150408142933.0</controlfield>
  <datafield tag="022" ind1=" " ind2=" ">
    <subfield code="a">1475-7516</subfield>
  </datafield>
  <datafield tag="024" ind1="7" ind2=" ">
    <subfield code="a">10.1088/1475-7516/2014/06/022</subfield>
    <subfield code="2">DOI</subfield>
    <subfield code="t">2014-06-13T05:44:55Z</subfield>
  </datafield>
  <datafield tag="035" ind1=" " ind2=" ">
    <subfield code="a">1281370</subfield>
    <subfield code="9">INSPIRE</subfield>
  </datafield>
  <datafield tag="037" ind1=" " ind2=" ">
    <subfield code="a">arXiv:1402.3316</subfield>
    <subfield code="9">arXiv</subfield>
  </datafield>
  <datafield tag="100" ind1=" " ind2=" ">
    <subfield code="a">Katirci, Nihan</subfield>
    <subfield code="v">Bog̃aziçi University, Department of Physics,   Bebek, İstanbul, 34342 Turkey</subfield>
    <subfield code="w">Turkey</subfield>
  </datafield>
  <datafield tag="773" ind1=" " ind2=" ">
    <subfield code="p">JCAP</subfield>
    <subfield code="v">1406</subfield>
    <subfield code="n">06</subfield>
    <subfield code="c">022</subfield>
    <subfield code="y">2014</subfield>
  </datafield>
  <datafield tag="245" ind1=" " ind2=" ">
    <subfield code="a">
More on loops in reheating:  non-gaussianities  and tensor power spectrum</subfield>
  </datafield>
  <datafield tag="260" ind1=" " ind2=" ">
    <subfield code="c">2014-06-01</subfield>
    <subfield code="b">Institute of Physics Publishing/SISSA</subfield>
  </datafield>
  <datafield tag="520" ind1=" " ind2=" ">
    <subfield code="a">We consider the single field chaotic m2ϕ2 inflationary model with a period of preheating, where the inflaton decays to another scalar field χ in the parametric resonance regime. In a recent work, one of us has shown that the χ modes circulating in the loops during preheating notably modify the ⟨ζζ⟩ correlation function. We first rederive this result using a different gauge condition hence reconfirm that superhorizon ζ modes are affected by the loops in preheating. Further, we examine how χ loops give rise to non-gaussianity and affect the tensor perturbations. For that, all cubic and some higher order interactions involving two χ fields are determined and their contribution to the non-gaussianity parameter fNL and the tensor power spectrum are calculated at one loop. Our estimates for these corrections show that while a large amount of non-gaussianity can be produced during reheating,  the tensor power spectrum receive moderate corrections. We observe that the loop quantum effects increase with more χ fields circulating in the loops indicating that  the perturbation theory might be  broken down. These findings demonstrate that the loop corrections during reheating are significant and they must be taken into account for precision inflationary cosmology.</subfield>
  </datafield>
  <datafield tag="540" ind1=" " ind2=" ">
    <subfield code="a">CC-BY-3.0</subfield>
    <subfield code="u">http://creativecommons.org/licenses/by/3.0/</subfield>
  </datafield>
  <datafield tag="542" ind1=" " ind2=" ">
    <subfield code="f"></subfield>
  </datafield>
  <datafield tag="591" ind1=" " ind2=" ">
    <subfield code="a">CC:1</subfield>
  </datafield>
  <datafield tag="591" ind1=" " ind2=" ">
    <subfield code="a">Authors:1</subfield>
  </datafield>
  <datafield tag="591" ind1=" " ind2=" ">
    <subfield code="a">SCOAP3:1</subfield>
  </datafield>
  <datafield tag="591" ind1=" " ind2=" ">
    <subfield code="a">Category:1</subfield>
  </datafield>
  <datafield tag="653" ind1="1" ind2=" ">
    <subfield code="a">cosmological perturbation theory</subfield>
    <subfield code="9">author</subfield>
  </datafield>
  <datafield tag="653" ind1="1" ind2=" ">
    <subfield code="a">inflation</subfield>
    <subfield code="9">author</subfield>
  </datafield>
  <datafield tag="700" ind1=" " ind2=" ">
    <subfield code="a">Kaya, Ali</subfield>
    <subfield code="v">Bog̃aziçi University, Department of Physics,   Bebek, İstanbul, 34342 Turkey</subfield>
    <subfield code="w">Turkey</subfield>
  </datafield>
  <datafield tag="700" ind1=" " ind2=" ">
    <subfield code="a">Tarman, Merve</subfield>
    <subfield code="v">Bog̃aziçi University, Department of Physics,   Bebek, İstanbul, 34342 Turkey</subfield>
    <subfield code="w">Turkey</subfield>
  </datafield>
  <datafield tag="856" ind1="4" ind2=" ">
    <subfield code="s">558074</subfield>
    <subfield code="u">http://repo.scoap3.org/record/2785/files/fulltext.pdf</subfield>
  </datafield>
  <datafield tag="856" ind1="4" ind2=" ">
    <subfield code="s">86449</subfield>
    <subfield code="u">http://repo.scoap3.org/record/2785/files/fulltext.xml</subfield>
  </datafield>
  <datafield tag="909" ind1="C" ind2="O">
    <subfield code="o">oai:repo.scoap3.org:2785</subfield>
    <subfield code="p">GLOBAL_SET</subfield>
    <subfield code="p">JOURNAL_OF_COSMOLOGY_AND_ASTROPARTICLE_PHYSICS</subfield>
  </datafield>
  <datafield tag="980" ind1=" " ind2=" ">
    <subfield code="a">SCOAP3</subfield>
    <subfield code="b">IOP</subfield>
  </datafield>
</record>