
<record>
  <controlfield tag="001">2784</controlfield>
  <controlfield tag="005">20150408142933.0</controlfield>
  <datafield tag="022" ind1=" " ind2=" ">
    <subfield code="a">1475-7516</subfield>
  </datafield>
  <datafield tag="024" ind1="7" ind2=" ">
    <subfield code="a">10.1088/1475-7516/2014/06/025</subfield>
    <subfield code="2">DOI</subfield>
    <subfield code="t">2014-06-13T05:44:55Z</subfield>
  </datafield>
  <datafield tag="035" ind1=" " ind2=" ">
    <subfield code="a">1265621</subfield>
    <subfield code="9">INSPIRE</subfield>
  </datafield>
  <datafield tag="037" ind1=" " ind2=" ">
    <subfield code="a">arXiv:1311.5606</subfield>
    <subfield code="9">arXiv</subfield>
  </datafield>
  <datafield tag="100" ind1=" " ind2=" ">
    <subfield code="a">Dey, Anindya</subfield>
    <subfield code="v">Theory Group, Department of Physics and Texas Cosmology Center, The University of Texas at Austin, TX, 78712 U.S.A.</subfield>
    <subfield code="w">USA</subfield>
  </datafield>
  <datafield tag="773" ind1=" " ind2=" ">
    <subfield code="p">JCAP</subfield>
    <subfield code="v">1406</subfield>
    <subfield code="n">06</subfield>
    <subfield code="c">025</subfield>
    <subfield code="y">2014</subfield>
  </datafield>
  <datafield tag="245" ind1=" " ind2=" ">
    <subfield code="a">
Power spectrum and non-Gaussianities in anisotropic inflation</subfield>
  </datafield>
  <datafield tag="260" ind1=" " ind2=" ">
    <subfield code="c">2014-06-01</subfield>
    <subfield code="b">Institute of Physics Publishing/SISSA</subfield>
  </datafield>
  <datafield tag="520" ind1=" " ind2=" ">
    <subfield code="a">We study the planar regime of curvature perturbations for  single field inflationary models  in an axially symmetric Bianchi I background. In a theory with standard scalar field action, the power spectrum for such modes has a pole as the planarity parameter goes to zero. We show that constraints from back reaction lead to a strong lower bound on the planarity parameter for high-momentum planar modes and use this bound to calculate the signal-to-noise ratio of the anisotropic power spectrum in the CMB, which in turn places an upper bound on the Hubble scale during inflation allowed in our model. We find that non-Gaussianities for these planar modes are enhanced for the flattened triangle and the squeezed triangle configurations, but show that the estimated values of the fNL parameters remain well below the experimental bounds from the CMB for generic planar modes (other, more promising signatures are also discussed). For a standard action, fNL from the squeezed configuration turns out to be larger compared to that from the flattened triangle configuration in the planar regime. However, in a theory with higher derivative operators, non-Gaussianities from the flattened triangle can become larger than the squeezed configuration in a certain limit of the planarity parameter.</subfield>
  </datafield>
  <datafield tag="540" ind1=" " ind2=" ">
    <subfield code="a">CC-BY-3.0</subfield>
    <subfield code="u">http://creativecommons.org/licenses/by/3.0/</subfield>
  </datafield>
  <datafield tag="542" ind1=" " ind2=" ">
    <subfield code="f"></subfield>
  </datafield>
  <datafield tag="591" ind1=" " ind2=" ">
    <subfield code="a">CC:1</subfield>
  </datafield>
  <datafield tag="591" ind1=" " ind2=" ">
    <subfield code="a">Authors:1</subfield>
  </datafield>
  <datafield tag="591" ind1=" " ind2=" ">
    <subfield code="a">SCOAP3:1</subfield>
  </datafield>
  <datafield tag="591" ind1=" " ind2=" ">
    <subfield code="a">Category:1</subfield>
  </datafield>
  <datafield tag="653" ind1="1" ind2=" ">
    <subfield code="a">inflation</subfield>
    <subfield code="9">author</subfield>
  </datafield>
  <datafield tag="653" ind1="1" ind2=" ">
    <subfield code="a">physics of the early universe</subfield>
    <subfield code="9">author</subfield>
  </datafield>
  <datafield tag="653" ind1="1" ind2=" ">
    <subfield code="a">non-gaussianity</subfield>
    <subfield code="9">author</subfield>
  </datafield>
  <datafield tag="653" ind1="1" ind2=" ">
    <subfield code="a">initial conditions and eternal universe</subfield>
    <subfield code="9">author</subfield>
  </datafield>
  <datafield tag="700" ind1=" " ind2=" ">
    <subfield code="a">Kovetz, Ely D.</subfield>
    <subfield code="v">Theory Group, Department of Physics and Texas Cosmology Center, The University of Texas at Austin, TX, 78712 U.S.A.</subfield>
    <subfield code="w">USA</subfield>
  </datafield>
  <datafield tag="700" ind1=" " ind2=" ">
    <subfield code="a">Paban, Sonia</subfield>
    <subfield code="v">Theory Group, Department of Physics and Texas Cosmology Center, The University of Texas at Austin, TX, 78712 U.S.A.</subfield>
    <subfield code="w">USA</subfield>
  </datafield>
  <datafield tag="856" ind1="4" ind2=" ">
    <subfield code="s">591625</subfield>
    <subfield code="u">http://repo.scoap3.org/record/2784/files/fulltext.pdf</subfield>
  </datafield>
  <datafield tag="856" ind1="4" ind2=" ">
    <subfield code="s">84943</subfield>
    <subfield code="u">http://repo.scoap3.org/record/2784/files/fulltext.xml</subfield>
  </datafield>
  <datafield tag="909" ind1="C" ind2="O">
    <subfield code="o">oai:repo.scoap3.org:2784</subfield>
    <subfield code="p">GLOBAL_SET</subfield>
    <subfield code="p">JOURNAL_OF_COSMOLOGY_AND_ASTROPARTICLE_PHYSICS</subfield>
  </datafield>
  <datafield tag="980" ind1=" " ind2=" ">
    <subfield code="a">SCOAP3</subfield>
    <subfield code="b">IOP</subfield>
  </datafield>
</record>