
<record>
  <controlfield tag="001">2768</controlfield>
  <controlfield tag="005">20150408142931.0</controlfield>
  <datafield tag="022" ind1=" " ind2=" ">
    <subfield code="a">1475-7516</subfield>
  </datafield>
  <datafield tag="024" ind1="7" ind2=" ">
    <subfield code="a">10.1088/1475-7516/2014/06/021</subfield>
    <subfield code="2">DOI</subfield>
    <subfield code="t">2014-06-12T05:35:45Z</subfield>
  </datafield>
  <datafield tag="035" ind1=" " ind2=" ">
    <subfield code="a">1286585</subfield>
    <subfield code="9">INSPIRE</subfield>
  </datafield>
  <datafield tag="037" ind1=" " ind2=" ">
    <subfield code="a">arXiv:1403.4960</subfield>
    <subfield code="9">arXiv</subfield>
  </datafield>
  <datafield tag="100" ind1=" " ind2=" ">
    <subfield code="a">Bélanger, Geneviève</subfield>
    <subfield code="v">LAPTH, Université de Savoie, CNRS,  B.P.110,  Annecy-le-Vieux Cedex, F-74941 France</subfield>
    <subfield code="w">France</subfield>
  </datafield>
  <datafield tag="773" ind1=" " ind2=" ">
    <subfield code="p">JCAP</subfield>
    <subfield code="v">1406</subfield>
    <subfield code="n">06</subfield>
    <subfield code="c">021</subfield>
    <subfield code="y">2014</subfield>
  </datafield>
  <datafield tag="245" ind1=" " ind2=" ">
    <subfield code="a">
 Minimal semi-annihilating ℤN scalar dark matter</subfield>
  </datafield>
  <datafield tag="260" ind1=" " ind2=" ">
    <subfield code="c">2014-06-01</subfield>
    <subfield code="b">Institute of Physics Publishing/SISSA</subfield>
  </datafield>
  <datafield tag="520" ind1=" " ind2=" ">
    <subfield code="a">We study the dark matter from an inert doublet and a complex scalar singlet  stabilized by ℤN symmetries. This field content is the minimal one that allows dimensionless semi-annihilation couplings for N > 2.
We consider explicitly the ℤ3 and ℤ4 cases and take into account constraints from perturbativity, unitarity, vacuum stability, necessity for the electroweak ℤN preserving vacuum to be the global minimum, electroweak precision tests, upper limits from direct detection  and properties of  the Higgs boson. Co-annihilation and semi-annihilation of dark sector particles as well as dark matter conversion significantly modify the cosmic abundance and direct detection phenomenology.</subfield>
  </datafield>
  <datafield tag="540" ind1=" " ind2=" ">
    <subfield code="a">CC-BY-3.0</subfield>
    <subfield code="u">http://creativecommons.org/licenses/by/3.0/</subfield>
  </datafield>
  <datafield tag="542" ind1=" " ind2=" ">
    <subfield code="f"></subfield>
  </datafield>
  <datafield tag="591" ind1=" " ind2=" ">
    <subfield code="a">CC:1</subfield>
  </datafield>
  <datafield tag="591" ind1=" " ind2=" ">
    <subfield code="a">Authors:1</subfield>
  </datafield>
  <datafield tag="591" ind1=" " ind2=" ">
    <subfield code="a">SCOAP3:1</subfield>
  </datafield>
  <datafield tag="591" ind1=" " ind2=" ">
    <subfield code="a">Category:1</subfield>
  </datafield>
  <datafield tag="653" ind1="1" ind2=" ">
    <subfield code="a">dark matter theory</subfield>
    <subfield code="9">author</subfield>
  </datafield>
  <datafield tag="653" ind1="1" ind2=" ">
    <subfield code="a">particle physics - cosmology connection</subfield>
    <subfield code="9">author</subfield>
  </datafield>
  <datafield tag="700" ind1=" " ind2=" ">
    <subfield code="a">Kannike, Kristjan</subfield>
    <subfield code="v">National Institute of Chemical Physics and Biophysics, Rävala 10, Tallinn, Estonia</subfield>
    <subfield code="w">Estonia</subfield>
  </datafield>
  <datafield tag="700" ind1=" " ind2=" ">
    <subfield code="a">Pukhov, Alexander</subfield>
    <subfield code="v">Skobeltsyn Institute of Nuclear Physics, Moscow State University, Moscow, 119991 Russia</subfield>
    <subfield code="w">Russia</subfield>
  </datafield>
  <datafield tag="700" ind1=" " ind2=" ">
    <subfield code="a">Raidal, Martti</subfield>
    <subfield code="v">National Institute of Chemical Physics and Biophysics, Rävala 10, Tallinn, Estonia</subfield>
    <subfield code="w">Estonia</subfield>
  </datafield>
  <datafield tag="856" ind1="4" ind2=" ">
    <subfield code="s">135664</subfield>
    <subfield code="u">http://repo.scoap3.org/record/2768/files/fulltext.xml</subfield>
  </datafield>
  <datafield tag="856" ind1="4" ind2=" ">
    <subfield code="s">8099151</subfield>
    <subfield code="u">http://repo.scoap3.org/record/2768/files/fulltext.pdf</subfield>
  </datafield>
  <datafield tag="909" ind1="C" ind2="O">
    <subfield code="o">oai:repo.scoap3.org:2768</subfield>
    <subfield code="p">GLOBAL_SET</subfield>
    <subfield code="p">JOURNAL_OF_COSMOLOGY_AND_ASTROPARTICLE_PHYSICS</subfield>
  </datafield>
  <datafield tag="980" ind1=" " ind2=" ">
    <subfield code="a">SCOAP3</subfield>
    <subfield code="b">IOP</subfield>
  </datafield>
</record>