
<record>
  <controlfield tag="001">2758</controlfield>
  <controlfield tag="005">20150408142928.0</controlfield>
  <datafield tag="022" ind1=" " ind2=" ">
    <subfield code="a">1475-7516</subfield>
  </datafield>
  <datafield tag="024" ind1="7" ind2=" ">
    <subfield code="a">10.1088/1475-7516/2014/06/013</subfield>
    <subfield code="2">DOI</subfield>
    <subfield code="t">2014-06-11T05:29:00Z</subfield>
  </datafield>
  <datafield tag="035" ind1=" " ind2=" ">
    <subfield code="a">1278548</subfield>
    <subfield code="9">INSPIRE</subfield>
  </datafield>
  <datafield tag="037" ind1=" " ind2=" ">
    <subfield code="a">arXiv:1401.5821</subfield>
    <subfield code="9">arXiv</subfield>
  </datafield>
  <datafield tag="100" ind1=" " ind2=" ">
    <subfield code="a">Mukaida, Kyohei</subfield>
    <subfield code="v">Department of Physics, Faculty of Science, University of Tokyo, Bunkyo-ku, Tokyo, 133-0033 Japan</subfield>
    <subfield code="w">Japan</subfield>
  </datafield>
  <datafield tag="773" ind1=" " ind2=" ">
    <subfield code="p">JCAP</subfield>
    <subfield code="v">1406</subfield>
    <subfield code="n">06</subfield>
    <subfield code="c">013</subfield>
    <subfield code="y">2014</subfield>
  </datafield>
  <datafield tag="245" ind1=" " ind2=" ">
    <subfield code="a">
Curvaton dynamics revisited</subfield>
  </datafield>
  <datafield tag="260" ind1=" " ind2=" ">
    <subfield code="c">2014-06-01</subfield>
    <subfield code="b">Institute of Physics Publishing/SISSA</subfield>
  </datafield>
  <datafield tag="520" ind1=" " ind2=" ">
    <subfield code="a">
We revisit the dynamics of the curvaton in detail
taking account of effects from thermal environment,
effective potential and decay/dissipation rate for general field values and couplings.
We also consider the curvature perturbation
generated through combinations of various effects:
large scale modulation of the oscillation epoch, the effective dissipation rate
and the timing at which the equation of state changes.
In particular, we find that it tends to be difficult to explain the observed curvature perturbation by the curvaton mechanism
without producing too large non-Gaussianity if the curvaton energy density is dissipated through thermal effects.
In particular, we find that if the renormalizable coupling between the curvaton and light elements is larger than
the critical value  ∼ (mϕ/Mpl)1/2, the curvaton is soon dissipated away
almost regardless of its initial energy density, contrary to the standard perturbative decay.
Therefore, the interaction between them should be suppressed
in order for the curvaton to survive the thermal dissipation.</subfield>
  </datafield>
  <datafield tag="540" ind1=" " ind2=" ">
    <subfield code="a">CC-BY-3.0</subfield>
    <subfield code="u">http://creativecommons.org/licenses/by/3.0/</subfield>
  </datafield>
  <datafield tag="542" ind1=" " ind2=" ">
    <subfield code="f"></subfield>
  </datafield>
  <datafield tag="591" ind1=" " ind2=" ">
    <subfield code="a">CC:1</subfield>
  </datafield>
  <datafield tag="591" ind1=" " ind2=" ">
    <subfield code="a">Authors:1</subfield>
  </datafield>
  <datafield tag="591" ind1=" " ind2=" ">
    <subfield code="a">SCOAP3:1</subfield>
  </datafield>
  <datafield tag="591" ind1=" " ind2=" ">
    <subfield code="a">Category:1</subfield>
  </datafield>
  <datafield tag="653" ind1="1" ind2=" ">
    <subfield code="a">cosmological perturbation theory</subfield>
    <subfield code="9">author</subfield>
  </datafield>
  <datafield tag="653" ind1="1" ind2=" ">
    <subfield code="a">cosmology of theories beyond the SM</subfield>
    <subfield code="9">author</subfield>
  </datafield>
  <datafield tag="653" ind1="1" ind2=" ">
    <subfield code="a">physics of the early universe</subfield>
    <subfield code="9">author</subfield>
  </datafield>
  <datafield tag="700" ind1=" " ind2=" ">
    <subfield code="a">Nakayama, Kazunori</subfield>
    <subfield code="v">Department of Physics, Faculty of Science, University of Tokyo, Bunkyo-ku, Tokyo, 133-0033 Japan</subfield>
    <subfield code="v">Kavli Institute for the Physics and Mathematics of the Universe, Todai Institute for Advanced Study, University of Tokyo,   Kashiwa, Chiba, 277-8583 Japan</subfield>
    <subfield code="w">Japan</subfield>
  </datafield>
  <datafield tag="700" ind1=" " ind2=" ">
    <subfield code="a">Takimoto, Masahiro</subfield>
    <subfield code="v">Department of Physics, Faculty of Science, University of Tokyo, Bunkyo-ku, Tokyo, 133-0033 Japan</subfield>
    <subfield code="w">Japan</subfield>
  </datafield>
  <datafield tag="856" ind1="4" ind2=" ">
    <subfield code="s">726106</subfield>
    <subfield code="u">http://repo.scoap3.org/record/2758/files/fulltext.pdf</subfield>
  </datafield>
  <datafield tag="856" ind1="4" ind2=" ">
    <subfield code="s">93535</subfield>
    <subfield code="u">http://repo.scoap3.org/record/2758/files/fulltext.xml</subfield>
  </datafield>
  <datafield tag="909" ind1="C" ind2="O">
    <subfield code="o">oai:repo.scoap3.org:2758</subfield>
    <subfield code="p">GLOBAL_SET</subfield>
    <subfield code="p">JOURNAL_OF_COSMOLOGY_AND_ASTROPARTICLE_PHYSICS</subfield>
  </datafield>
  <datafield tag="980" ind1=" " ind2=" ">
    <subfield code="a">SCOAP3</subfield>
    <subfield code="b">IOP</subfield>
  </datafield>
</record>