
<record>
  <controlfield tag="001">2756</controlfield>
  <controlfield tag="005">20150408142928.0</controlfield>
  <datafield tag="022" ind1=" " ind2=" ">
    <subfield code="a">1475-7516</subfield>
  </datafield>
  <datafield tag="024" ind1="7" ind2=" ">
    <subfield code="a">10.1088/1475-7516/2014/06/016</subfield>
    <subfield code="2">DOI</subfield>
    <subfield code="t">2014-06-11T05:29:00Z</subfield>
  </datafield>
  <datafield tag="035" ind1=" " ind2=" ">
    <subfield code="a">1263331</subfield>
    <subfield code="9">INSPIRE</subfield>
  </datafield>
  <datafield tag="037" ind1=" " ind2=" ">
    <subfield code="a">arXiv:1311.0869</subfield>
    <subfield code="9">arXiv</subfield>
  </datafield>
  <datafield tag="100" ind1=" " ind2=" ">
    <subfield code="a">Agarwal, Nishant</subfield>
    <subfield code="v">McWilliams Center for Cosmology, Department of Physics, Carnegie Mellon University,   Pittsburgh, PA, 15213 U.S.A.</subfield>
    <subfield code="w">USA</subfield>
  </datafield>
  <datafield tag="773" ind1=" " ind2=" ">
    <subfield code="p">JCAP</subfield>
    <subfield code="v">1406</subfield>
    <subfield code="n">06</subfield>
    <subfield code="c">016</subfield>
    <subfield code="y">2014</subfield>
  </datafield>
  <datafield tag="245" ind1=" " ind2=" ">
    <subfield code="a">
Why does the effective field theory of inflation work?</subfield>
  </datafield>
  <datafield tag="260" ind1=" " ind2=" ">
    <subfield code="c">2014-06-01</subfield>
    <subfield code="b">Institute of Physics Publishing/SISSA</subfield>
  </datafield>
  <datafield tag="520" ind1=" " ind2=" ">
    <subfield code="a">
The effective field theory (EFT) of inflation has become the preferred method for computing cosmological correlation functions of the curvature fluctuation, ζ. It makes explicit use of the soft breaking of time diffeomorphisms by the inflationary background to organize the operators expansion in the action of the Goldstone mode π associated with this breaking. Despite its ascendancy, there is another method for calculating ζ correlators, involving the direct calculation of the so-called Horndeski action order by order in powers of ζ and its derivatives. The question we address in this work is whether or not the ζ correlators calculated in these seemingly different ways are in fact the same. The answer is that the actions to cubic order in either set of variables do indeed give rise to the same ζ bispectra, but that to make this equivalence manifest requires a careful understanding of the non-linear transformations relating π to ζ and how boundary terms in the actions are affected by imposing this relation. As a by product of our study we find that the calculations in the π language can be simplified considerably in a way that allows us to use only the linear part of the π−ζ relation simply by changing the coefficients of some of the operators in the EFT. We also note that a proper accounting of the boundary terms will be of the greatest importance when computing the bispectrum for more general initial states than the Bunch-Davies one.</subfield>
  </datafield>
  <datafield tag="540" ind1=" " ind2=" ">
    <subfield code="a">CC-BY-3.0</subfield>
    <subfield code="u">http://creativecommons.org/licenses/by/3.0/</subfield>
  </datafield>
  <datafield tag="542" ind1=" " ind2=" ">
    <subfield code="f"></subfield>
  </datafield>
  <datafield tag="591" ind1=" " ind2=" ">
    <subfield code="a">CC:1</subfield>
  </datafield>
  <datafield tag="591" ind1=" " ind2=" ">
    <subfield code="a">Authors:1</subfield>
  </datafield>
  <datafield tag="591" ind1=" " ind2=" ">
    <subfield code="a">SCOAP3:1</subfield>
  </datafield>
  <datafield tag="591" ind1=" " ind2=" ">
    <subfield code="a">Category:1</subfield>
  </datafield>
  <datafield tag="653" ind1="1" ind2=" ">
    <subfield code="a">CMBR theory</subfield>
    <subfield code="9">author</subfield>
  </datafield>
  <datafield tag="653" ind1="1" ind2=" ">
    <subfield code="a">inflation</subfield>
    <subfield code="9">author</subfield>
  </datafield>
  <datafield tag="653" ind1="1" ind2=" ">
    <subfield code="a">physics of the early universe</subfield>
    <subfield code="9">author</subfield>
  </datafield>
  <datafield tag="653" ind1="1" ind2=" ">
    <subfield code="a">non-gaussianity</subfield>
    <subfield code="9">author</subfield>
  </datafield>
  <datafield tag="700" ind1=" " ind2=" ">
    <subfield code="a">Ribeiro, Raquel H.</subfield>
    <subfield code="v">Department of Physics, Case Western Reserve University,   10900 Euclid Ave, Cleveland, OH, 44106 U.S.A.</subfield>
    <subfield code="w">USA</subfield>
  </datafield>
  <datafield tag="700" ind1=" " ind2=" ">
    <subfield code="a">Holman, R.</subfield>
    <subfield code="v">Department of Physics, Carnegie Mellon University,   Pittsburgh, PA, 15213 U.S.A.</subfield>
    <subfield code="w">USA</subfield>
  </datafield>
  <datafield tag="856" ind1="4" ind2=" ">
    <subfield code="s">617755</subfield>
    <subfield code="u">http://repo.scoap3.org/record/2756/files/fulltext.pdf</subfield>
  </datafield>
  <datafield tag="856" ind1="4" ind2=" ">
    <subfield code="s">78687</subfield>
    <subfield code="u">http://repo.scoap3.org/record/2756/files/fulltext.xml</subfield>
  </datafield>
  <datafield tag="909" ind1="C" ind2="O">
    <subfield code="o">oai:repo.scoap3.org:2756</subfield>
    <subfield code="p">GLOBAL_SET</subfield>
    <subfield code="p">JOURNAL_OF_COSMOLOGY_AND_ASTROPARTICLE_PHYSICS</subfield>
  </datafield>
  <datafield tag="980" ind1=" " ind2=" ">
    <subfield code="a">SCOAP3</subfield>
    <subfield code="b">IOP</subfield>
  </datafield>
</record>