
<record>
  <controlfield tag="001">2754</controlfield>
  <controlfield tag="005">20151125145251.0</controlfield>
  <datafield tag="022" ind1=" " ind2=" ">
    <subfield code="a">1475-7516</subfield>
  </datafield>
  <datafield tag="024" ind1="7" ind2=" ">
    <subfield code="a">10.1088/1475-7516/2014/06/011</subfield>
    <subfield code="2">DOI</subfield>
    <subfield code="t">2014-06-11T05:29:00Z</subfield>
  </datafield>
  <datafield tag="035" ind1=" " ind2=" ">
    <subfield code="a">1268132</subfield>
    <subfield code="9">INSPIRE</subfield>
  </datafield>
  <datafield tag="037" ind1=" " ind2=" ">
    <subfield code="a">arXiv:1312.1898</subfield>
    <subfield code="9">arXiv</subfield>
  </datafield>
  <datafield tag="100" ind1=" " ind2=" ">
    <subfield code="a">Kadota, Kenji</subfield>
    <subfield code="v">Department of Physics, Nagoya University,  Nagoya 464-8602, Japan</subfield>
    <subfield code="v">Center for Theoretical Physics of the Universe, Institute for Basic Science (IBS),   Daejeon 305-811, Korea</subfield>
    <subfield code="w">Japan</subfield>
    <subfield code="w">South Korea</subfield>
  </datafield>
  <datafield tag="773" ind1=" " ind2=" ">
    <subfield code="p">JCAP</subfield>
    <subfield code="v">1406</subfield>
    <subfield code="n">06</subfield>
    <subfield code="c">011</subfield>
    <subfield code="y">2014</subfield>
  </datafield>
  <datafield tag="245" ind1=" " ind2=" ">
    <subfield code="a">
Cosmologically probing ultra-light particle dark matter using 21 cm signals</subfield>
  </datafield>
  <datafield tag="260" ind1=" " ind2=" ">
    <subfield code="c">2014-06-01</subfield>
    <subfield code="b">Institute of Physics Publishing/SISSA</subfield>
  </datafield>
  <datafield tag="520" ind1=" " ind2=" ">
    <subfield code="a">

There can arise ubiquitous ultra-light scalar fields in the Universe,
such as the pseudo-Goldstone bosons from the spontaneous breaking of
an approximate symmetry, which can make a partial contribution to the
dark matter and affect the large scale structure of the Universe.
While the properties of those ultra-light dark matter are heavily
model dependent and can vary in a wide range, we develop a
model-independent analysis to forecast the constraints on their mass
and abundance using futuristic but realistic 21 cm observables as well
as CMB fluctuations, including CMB lensing measurements. Avoiding the
highly nonlinear regime, the 21 cm emission line spectra are most
sensitive to the ultra-light dark matter with mass m ∼ 10−26 eV for which the precision attainable on mass and abundance
bounds can be of order of a few percent.</subfield>
  </datafield>
  <datafield tag="540" ind1=" " ind2=" ">
    <subfield code="a">CC-BY-3.0</subfield>
    <subfield code="u">http://creativecommons.org/licenses/by/3.0/</subfield>
  </datafield>
  <datafield tag="542" ind1=" " ind2=" ">
    <subfield code="f"></subfield>
  </datafield>
  <datafield tag="591" ind1=" " ind2=" ">
    <subfield code="a">CC:1</subfield>
  </datafield>
  <datafield tag="591" ind1=" " ind2=" ">
    <subfield code="a">Authors:1</subfield>
  </datafield>
  <datafield tag="591" ind1=" " ind2=" ">
    <subfield code="a">SCOAP3:1</subfield>
  </datafield>
  <datafield tag="591" ind1=" " ind2=" ">
    <subfield code="a">Category:1</subfield>
  </datafield>
  <datafield tag="653" ind1="1" ind2=" ">
    <subfield code="a">axions</subfield>
    <subfield code="9">author</subfield>
  </datafield>
  <datafield tag="653" ind1="1" ind2=" ">
    <subfield code="a">physics of the early universe</subfield>
    <subfield code="9">author</subfield>
  </datafield>
  <datafield tag="653" ind1="1" ind2=" ">
    <subfield code="a">dark matter theory</subfield>
    <subfield code="9">author</subfield>
  </datafield>
  <datafield tag="653" ind1="1" ind2=" ">
    <subfield code="a">particle physics - cosmology connection</subfield>
    <subfield code="9">author</subfield>
  </datafield>
  <datafield tag="700" ind1=" " ind2=" ">
    <subfield code="a">Mao, Yi</subfield>
    <subfield code="v">Institut d'Astrophysique de Paris, CNRS, UPMC Univ Paris 06,  UMR7095, 98 bis, boulevard Arago, F-75014, Paris, France</subfield>
    <subfield code="v">Institut Lagrange de Paris, Sorbonne Universités,  98 bis, boulevard Arago, F-75014 Paris, France</subfield>
    <subfield code="w">France</subfield>
  </datafield>
  <datafield tag="700" ind1=" " ind2=" ">
    <subfield code="a">Ichiki, Kiyomoto</subfield>
    <subfield code="v">Kobayashi-Maskawa Institute for the Origin of Particles and the Universe,  Nagoya University, Nagoya 464-8602, Japan</subfield>
    <subfield code="w">Japan</subfield>
  </datafield>
  <datafield tag="700" ind1=" " ind2=" ">
    <subfield code="a">Silk, Joseph</subfield>
    <subfield code="v">Institut d'Astrophysique de Paris, CNRS, UPMC Univ Paris 06,  UMR7095, 98 bis, boulevard Arago, F-75014, Paris, France</subfield>
    <subfield code="v">The Johns Hopkins University, Department of Physics and Astronomy,  Baltimore, Maryland 21218, U.S.A.</subfield>
    <subfield code="v">Beecroft Institute of Particle Astrophysics and Cosmology, University of Oxford,  Oxford OX1 3RH, U.K.</subfield>
    <subfield code="w">USA</subfield>
    <subfield code="w">UK</subfield>
    <subfield code="w">France</subfield>
  </datafield>
  <datafield tag="856" ind1="4" ind2=" ">
    <subfield code="s">382342</subfield>
    <subfield code="u">http://repo.scoap3.org/record/2754/files/fulltext.pdf</subfield>
  </datafield>
  <datafield tag="856" ind1="4" ind2=" ">
    <subfield code="s">49307</subfield>
    <subfield code="u">http://repo.scoap3.org/record/2754/files/fulltext.xml</subfield>
  </datafield>
  <datafield tag="909" ind1="C" ind2="O">
    <subfield code="o">oai:repo.scoap3.org:2754</subfield>
    <subfield code="p">GLOBAL_SET</subfield>
    <subfield code="p">JOURNAL_OF_COSMOLOGY_AND_ASTROPARTICLE_PHYSICS</subfield>
  </datafield>
  <datafield tag="980" ind1=" " ind2=" ">
    <subfield code="a">SCOAP3</subfield>
    <subfield code="b">IOP</subfield>
  </datafield>
</record>