
<record>
  <controlfield tag="001">2719</controlfield>
  <controlfield tag="005">20150408142926.0</controlfield>
  <datafield tag="022" ind1=" " ind2=" ">
    <subfield code="a">1475-7516</subfield>
  </datafield>
  <datafield tag="024" ind1="7" ind2=" ">
    <subfield code="a">10.1088/1475-7516/2014/06/004</subfield>
    <subfield code="2">DOI</subfield>
    <subfield code="t">2014-06-09T17:03:15Z</subfield>
  </datafield>
  <datafield tag="035" ind1=" " ind2=" ">
    <subfield code="a">1278084</subfield>
    <subfield code="9">INSPIRE</subfield>
  </datafield>
  <datafield tag="037" ind1=" " ind2=" ">
    <subfield code="a">arXiv:1401.4336</subfield>
    <subfield code="9">arXiv</subfield>
  </datafield>
  <datafield tag="100" ind1=" " ind2=" ">
    <subfield code="a">Yamashita, Yasuho</subfield>
    <subfield code="v">Yukawa Institute for Theoretical Physics, Kyoto University,  606-8502, Kyoto, Japan</subfield>
    <subfield code="v">Department of Physics, Kyoto University,  606-8502, Kyoto, Japan</subfield>
    <subfield code="w">Japan</subfield>
  </datafield>
  <datafield tag="773" ind1=" " ind2=" ">
    <subfield code="p">JCAP</subfield>
    <subfield code="v">1406</subfield>
    <subfield code="n">06</subfield>
    <subfield code="c">004</subfield>
    <subfield code="y">2014</subfield>
  </datafield>
  <datafield tag="245" ind1=" " ind2=" ">
    <subfield code="a">
Mapping the ghost free bigravity into braneworld setup</subfield>
  </datafield>
  <datafield tag="260" ind1=" " ind2=" ">
    <subfield code="c">2014-06-01</subfield>
    <subfield code="b">Institute of Physics Publishing/SISSA</subfield>
  </datafield>
  <datafield tag="520" ind1=" " ind2=" ">
    <subfield code="a">We discuss whether or not bigravity theory can be embedded
  into the braneworld setup.  As a candidate, we consider
  Dvali-Gabadadze-Porrati two-brane model with the Goldberger-Wise
  radion stabilization. We will show that we can construct a ghost
  free model whose low energy spectrum is composed of a massless
  graviton and a massive graviton with a small mass.  As is expected,
  the behavior of this effective theory is shown to be identical to
  the ghost free bigravity. Unfortunately, this correspondence breaks
  down at a relatively low energy due to the limitation of the adopted
  stabilization mechanism.</subfield>
  </datafield>
  <datafield tag="540" ind1=" " ind2=" ">
    <subfield code="a">CC-BY-3.0</subfield>
    <subfield code="u">http://creativecommons.org/licenses/by/3.0/</subfield>
  </datafield>
  <datafield tag="542" ind1=" " ind2=" ">
    <subfield code="f"></subfield>
  </datafield>
  <datafield tag="591" ind1=" " ind2=" ">
    <subfield code="a">CC:1</subfield>
  </datafield>
  <datafield tag="591" ind1=" " ind2=" ">
    <subfield code="a">Authors:1</subfield>
  </datafield>
  <datafield tag="591" ind1=" " ind2=" ">
    <subfield code="a">SCOAP3:1</subfield>
  </datafield>
  <datafield tag="591" ind1=" " ind2=" ">
    <subfield code="a">Category:1</subfield>
  </datafield>
  <datafield tag="653" ind1="1" ind2=" ">
    <subfield code="a">extra dimensions</subfield>
    <subfield code="9">author</subfield>
  </datafield>
  <datafield tag="653" ind1="1" ind2=" ">
    <subfield code="a">gravity</subfield>
    <subfield code="9">author</subfield>
  </datafield>
  <datafield tag="653" ind1="1" ind2=" ">
    <subfield code="a">modified gravity</subfield>
    <subfield code="9">author</subfield>
  </datafield>
  <datafield tag="700" ind1=" " ind2=" ">
    <subfield code="a">Tanaka, Takahiro</subfield>
    <subfield code="v">Yukawa Institute for Theoretical Physics, Kyoto University,  606-8502, Kyoto, Japan</subfield>
    <subfield code="v">Department of Physics, Kyoto University,  606-8502, Kyoto, Japan</subfield>
    <subfield code="w">Japan</subfield>
  </datafield>
  <datafield tag="856" ind1="4" ind2=" ">
    <subfield code="s">306164</subfield>
    <subfield code="u">http://repo.scoap3.org/record/2719/files/fulltext.pdf</subfield>
  </datafield>
  <datafield tag="856" ind1="4" ind2=" ">
    <subfield code="s">73048</subfield>
    <subfield code="u">http://repo.scoap3.org/record/2719/files/fulltext.xml</subfield>
  </datafield>
  <datafield tag="909" ind1="C" ind2="O">
    <subfield code="o">oai:repo.scoap3.org:2719</subfield>
    <subfield code="p">GLOBAL_SET</subfield>
    <subfield code="p">JOURNAL_OF_COSMOLOGY_AND_ASTROPARTICLE_PHYSICS</subfield>
  </datafield>
  <datafield tag="980" ind1=" " ind2=" ">
    <subfield code="a">SCOAP3</subfield>
    <subfield code="b">IOP</subfield>
  </datafield>
</record>