
<record>
  <controlfield tag="001">2629</controlfield>
  <controlfield tag="005">20150408142852.0</controlfield>
  <datafield tag="022" ind1=" " ind2=" ">
    <subfield code="a">1475-7516</subfield>
  </datafield>
  <datafield tag="024" ind1="7" ind2=" ">
    <subfield code="a">10.1088/1475-7516/2014/05/047</subfield>
    <subfield code="2">DOI</subfield>
    <subfield code="t">2014-06-09T17:03:15Z</subfield>
  </datafield>
  <datafield tag="035" ind1=" " ind2=" ">
    <subfield code="a">1282567</subfield>
    <subfield code="9">INSPIRE</subfield>
  </datafield>
  <datafield tag="037" ind1=" " ind2=" ">
    <subfield code="a">arXiv:1402.6449</subfield>
    <subfield code="9">arXiv</subfield>
  </datafield>
  <datafield tag="100" ind1=" " ind2=" ">
    <subfield code="a">Ko, P.</subfield>
    <subfield code="v">School of Physics, Korea Institute for Advanced Study,   Seoul 130-722, Korea</subfield>
    <subfield code="w">South Korea</subfield>
  </datafield>
  <datafield tag="773" ind1=" " ind2=" ">
    <subfield code="p">JCAP</subfield>
    <subfield code="v">1405</subfield>
    <subfield code="n">05</subfield>
    <subfield code="c">047</subfield>
    <subfield code="y">2014</subfield>
  </datafield>
  <datafield tag="245" ind1=" " ind2=" ">
    <subfield code="a">
 Self-interacting scalar dark matter with local Z3 symmetry</subfield>
  </datafield>
  <datafield tag="260" ind1=" " ind2=" ">
    <subfield code="c">2014-05-01</subfield>
    <subfield code="b">Institute of Physics Publishing/SISSA</subfield>
  </datafield>
  <datafield tag="520" ind1=" " ind2=" ">
    <subfield code="a">We construct a self-interacting scalar dark matter (DM) model with local discrete 
Z3 symmetry that stabilizes  a weak scale scalar dark matter X.  
The model assumes a hidden sector with a local U(1)X dark gauge symmetry, 
which is broken spontaneously into Z3 subgroup by nonzero VEV of dark Higgs 
field ϕX (⟨ϕX⟩≠0).  Compared with global Z3 DM models,  
the local Z3 model has two new extra fields: a dark gauge field Z′ and a dark Higgs 
field ϕ (a remnant of the U(1)X breaking).  After imposing various 
constraints including  the upper bounds on the spin-independent direct detection cross 
section and thermal relic density,   we find that the scalar DM  with mass less than 
125 GeV is allowed in the local Z3  model, in contrary to the global Z3 model.  
This is due to new channels in the DM pair annihilations open into Z′ and ϕ 
in the local Z3 model.  
Most parts of the newly open DM mass region can be probed by XENON1T and 
other similar future experiments.  
Also if ϕ is light enough  (a few MeV ≲mϕ≲ O(100) MeV), 
it can generate a right size of DM self-interaction and explain the astrophysical 
small scale structure anomalies. This would lead to exotic decays of 
Higgs boson into a pair of dark Higgs bosons, which could be tested at LHC and ILC.</subfield>
  </datafield>
  <datafield tag="540" ind1=" " ind2=" ">
    <subfield code="a">CC-BY-3.0</subfield>
    <subfield code="u">http://creativecommons.org/licenses/by/3.0/</subfield>
  </datafield>
  <datafield tag="542" ind1=" " ind2=" ">
    <subfield code="f"></subfield>
  </datafield>
  <datafield tag="591" ind1=" " ind2=" ">
    <subfield code="a">CC:1</subfield>
  </datafield>
  <datafield tag="591" ind1=" " ind2=" ">
    <subfield code="a">Authors:1</subfield>
  </datafield>
  <datafield tag="591" ind1=" " ind2=" ">
    <subfield code="a">SCOAP3:1</subfield>
  </datafield>
  <datafield tag="591" ind1=" " ind2=" ">
    <subfield code="a">Category:1</subfield>
  </datafield>
  <datafield tag="653" ind1="1" ind2=" ">
    <subfield code="a">dwarfs galaxies</subfield>
    <subfield code="9">author</subfield>
  </datafield>
  <datafield tag="653" ind1="1" ind2=" ">
    <subfield code="a">dark matter experiments</subfield>
    <subfield code="9">author</subfield>
  </datafield>
  <datafield tag="653" ind1="1" ind2=" ">
    <subfield code="a">dark matter theory</subfield>
    <subfield code="9">author</subfield>
  </datafield>
  <datafield tag="700" ind1=" " ind2=" ">
    <subfield code="a">Tang, Yong</subfield>
    <subfield code="v">School of Physics, Korea Institute for Advanced Study,   Seoul 130-722, Korea</subfield>
    <subfield code="w">South Korea</subfield>
  </datafield>
  <datafield tag="856" ind1="4" ind2=" ">
    <subfield code="s">1384383</subfield>
    <subfield code="u">http://repo.scoap3.org/record/2629/files/fulltext.pdf</subfield>
  </datafield>
  <datafield tag="856" ind1="4" ind2=" ">
    <subfield code="s">61041</subfield>
    <subfield code="u">http://repo.scoap3.org/record/2629/files/fulltext.xml</subfield>
  </datafield>
  <datafield tag="909" ind1="C" ind2="O">
    <subfield code="o">oai:repo.scoap3.org:2629</subfield>
    <subfield code="p">GLOBAL_SET</subfield>
    <subfield code="p">JOURNAL_OF_COSMOLOGY_AND_ASTROPARTICLE_PHYSICS</subfield>
  </datafield>
  <datafield tag="980" ind1=" " ind2=" ">
    <subfield code="a">SCOAP3</subfield>
    <subfield code="b">IOP</subfield>
  </datafield>
</record>