
<record>
  <controlfield tag="001">2628</controlfield>
  <controlfield tag="005">20150408142852.0</controlfield>
  <datafield tag="022" ind1=" " ind2=" ">
    <subfield code="a">1475-7516</subfield>
  </datafield>
  <datafield tag="024" ind1="7" ind2=" ">
    <subfield code="a">10.1088/1475-7516/2014/05/044</subfield>
    <subfield code="2">DOI</subfield>
    <subfield code="t">2014-06-09T17:03:15Z</subfield>
  </datafield>
  <datafield tag="035" ind1=" " ind2=" ">
    <subfield code="a">1287318</subfield>
    <subfield code="9">INSPIRE</subfield>
  </datafield>
  <datafield tag="037" ind1=" " ind2=" ">
    <subfield code="a">arXiv:1403.6621</subfield>
    <subfield code="9">arXiv</subfield>
  </datafield>
  <datafield tag="100" ind1=" " ind2=" ">
    <subfield code="a">Liew, Seng Pei</subfield>
    <subfield code="v">Department of Physics, University of Tokyo, Bunkyo-ku, Tokyo, 113-0033 Japan</subfield>
    <subfield code="w">Japan</subfield>
  </datafield>
  <datafield tag="245" ind1=" " ind2=" ">
    <subfield code="a">
Axino dark matter in light of an anomalous X-ray line</subfield>
  </datafield>
  <datafield tag="260" ind1=" " ind2=" ">
    <subfield code="c">2014-05-01</subfield>
    <subfield code="b">Institute of Physics Publishing/SISSA</subfield>
  </datafield>
  <datafield tag="520" ind1=" " ind2=" ">
    <subfield code="a">Axino as the superpartner of axion that solves the strong CP problem can be a good candidate of dark matter. Inspired by the 3.5 keV X-ray line signal found to be originated from galaxy clusters and Andromeda galaxy, we study axino models with R-parity violations, and point out that axino dark matter with trilinear R-parity violations is an attractive scenario that reproduces the X-ray line. The Peccei-Quinn scale is required to be fa ∼ 𝒪(109–1011) GeV for trilinear R-parity violating couplings λ ∼ 𝒪(10−3–10−1) in order to explain the line signal. Moreover, the right-handed stau is predicted to be light, i.e.  ∼ 𝒪(100) GeV, and thus can be looked for at the LHC. Cosmological aspects of the model are also discussed in this study.</subfield>
  </datafield>
  <datafield tag="540" ind1=" " ind2=" ">
    <subfield code="a">CC-BY-3.0</subfield>
    <subfield code="u">http://creativecommons.org/licenses/by/3.0/</subfield>
  </datafield>
  <datafield tag="542" ind1=" " ind2=" ">
    <subfield code="f"></subfield>
  </datafield>
  <datafield tag="591" ind1=" " ind2=" ">
    <subfield code="a">CC:1</subfield>
  </datafield>
  <datafield tag="591" ind1=" " ind2=" ">
    <subfield code="a">Authors:1</subfield>
  </datafield>
  <datafield tag="591" ind1=" " ind2=" ">
    <subfield code="a">SCOAP3:1</subfield>
  </datafield>
  <datafield tag="591" ind1=" " ind2=" ">
    <subfield code="a">Category:1</subfield>
  </datafield>
  <datafield tag="653" ind1="1" ind2=" ">
    <subfield code="a">axions</subfield>
    <subfield code="9">author</subfield>
  </datafield>
  <datafield tag="653" ind1="1" ind2=" ">
    <subfield code="a">dark matter theory</subfield>
    <subfield code="9">author</subfield>
  </datafield>
  <datafield tag="653" ind1="1" ind2=" ">
    <subfield code="a">X-rays</subfield>
    <subfield code="9">author</subfield>
  </datafield>
  <datafield tag="773" ind1=" " ind2=" ">
    <subfield code="p">JCAP</subfield>
    <subfield code="v">1405</subfield>
    <subfield code="n">05</subfield>
    <subfield code="c">044</subfield>
    <subfield code="y">2014</subfield>
  </datafield>
  <datafield tag="856" ind1="4" ind2=" ">
    <subfield code="s">44364</subfield>
    <subfield code="u">http://repo.scoap3.org/record/2628/files/fulltext.xml</subfield>
  </datafield>
  <datafield tag="856" ind1="4" ind2=" ">
    <subfield code="s">456790</subfield>
    <subfield code="u">http://repo.scoap3.org/record/2628/files/fulltext.pdf</subfield>
  </datafield>
  <datafield tag="909" ind1="C" ind2="O">
    <subfield code="o">oai:repo.scoap3.org:2628</subfield>
    <subfield code="p">GLOBAL_SET</subfield>
    <subfield code="p">JOURNAL_OF_COSMOLOGY_AND_ASTROPARTICLE_PHYSICS</subfield>
  </datafield>
  <datafield tag="980" ind1=" " ind2=" ">
    <subfield code="a">SCOAP3</subfield>
    <subfield code="b">IOP</subfield>
  </datafield>
</record>