
<record>
  <controlfield tag="001">2612</controlfield>
  <controlfield tag="005">20151125144937.0</controlfield>
  <datafield tag="022" ind1=" " ind2=" ">
    <subfield code="a">1475-7516</subfield>
  </datafield>
  <datafield tag="024" ind1="7" ind2=" ">
    <subfield code="a">10.1088/1475-7516/2014/05/037</subfield>
    <subfield code="2">DOI</subfield>
    <subfield code="t">2014-06-09T17:03:15Z</subfield>
  </datafield>
  <datafield tag="035" ind1=" " ind2=" ">
    <subfield code="a">1287719</subfield>
    <subfield code="9">INSPIRE</subfield>
  </datafield>
  <datafield tag="037" ind1=" " ind2=" ">
    <subfield code="a">arXiv:1403.7518</subfield>
    <subfield code="9">arXiv</subfield>
  </datafield>
  <datafield tag="100" ind1=" " ind2=" ">
    <subfield code="a">Ellis, John</subfield>
    <subfield code="v">Theoretical Particle Physics and Cosmology Group, Department of   Physics, King's College London, London, WC2R 2LS U.K.</subfield>
    <subfield code="v">Theory Division, CERN,  Geneva 23, CH-1211 Switzerland</subfield>
    <subfield code="w">CERN</subfield>
    <subfield code="w">UK</subfield>
  </datafield>
  <datafield tag="773" ind1=" " ind2=" ">
    <subfield code="p">JCAP</subfield>
    <subfield code="v">1405</subfield>
    <subfield code="n">05</subfield>
    <subfield code="c">037</subfield>
    <subfield code="y">2014</subfield>
  </datafield>
  <datafield tag="245" ind1=" " ind2=" ">
    <subfield code="a">
Resurrecting quadratic inflation in no-scale supergravity in light of BICEP2</subfield>
  </datafield>
  <datafield tag="260" ind1=" " ind2=" ">
    <subfield code="c">2014-05-01</subfield>
    <subfield code="b">Institute of Physics Publishing/SISSA</subfield>
  </datafield>
  <datafield tag="520" ind1=" " ind2=" ">
    <subfield code="a">The magnitude of primordial tensor perturbations reported by the BICEP2 experiment
is consistent with simple models of chaotic inflation driven by a single scalar
field with a power-law potential ∝ ϕn : n ≃ 2, in contrast
to the WMAP and Planck results, which favored models
resembling the Starobinsky R+R2 model if running of the scalar spectral index could be neglected.
While models of inflation with a quadratic potential may be constructed in
simple N = 1 supergravity, these constructions are more challenging in
no-scale supergravity. We discuss here how quadratic
inflation can be accommodated within supergravity, focusing primarily on the
no-scale case. We also argue that
the quadratic inflaton may be identified with the supersymmetric partner
of a singlet (right-handed) neutrino, whose subsequent decay could have
generated the baryon asymmetry via leptogenesis.</subfield>
  </datafield>
  <datafield tag="540" ind1=" " ind2=" ">
    <subfield code="a">CC-BY-3.0</subfield>
    <subfield code="u">http://creativecommons.org/licenses/by/3.0/</subfield>
  </datafield>
  <datafield tag="542" ind1=" " ind2=" ">
    <subfield code="f"></subfield>
  </datafield>
  <datafield tag="591" ind1=" " ind2=" ">
    <subfield code="a">CC:1</subfield>
  </datafield>
  <datafield tag="591" ind1=" " ind2=" ">
    <subfield code="a">Authors:1</subfield>
  </datafield>
  <datafield tag="591" ind1=" " ind2=" ">
    <subfield code="a">SCOAP3:1</subfield>
  </datafield>
  <datafield tag="591" ind1=" " ind2=" ">
    <subfield code="a">Category:1</subfield>
  </datafield>
  <datafield tag="653" ind1="1" ind2=" ">
    <subfield code="a">inflation</subfield>
    <subfield code="9">author</subfield>
  </datafield>
  <datafield tag="653" ind1="1" ind2=" ">
    <subfield code="a">gravitational waves and CMBR polarization</subfield>
    <subfield code="9">author</subfield>
  </datafield>
  <datafield tag="653" ind1="1" ind2=" ">
    <subfield code="a">supersymmetry and cosmology</subfield>
    <subfield code="9">author</subfield>
  </datafield>
  <datafield tag="700" ind1=" " ind2=" ">
    <subfield code="a">García, Marcos A.G.</subfield>
    <subfield code="v">William I. Fine Theoretical Physics Institute, School of Physics and Astronomy,  University of Minnesota, 116 Church Street SE, Minneapolis, MN, 55455  U.S.A.</subfield>
    <subfield code="w">USA</subfield>
  </datafield>
  <datafield tag="700" ind1=" " ind2=" ">
    <subfield code="a">Nanopoulos, Dimitri V.</subfield>
    <subfield code="v">George P. and Cynthia W. Mitchell Institute for Fundamental Physics and Astronomy,  Texas A&amp;M University, College Station, Texas, 77843 U.S.A.</subfield>
    <subfield code="v">Astroparticle Physics Group, Houston Advanced Research Center (HARC),  Mitchell Campus, Woodlands, Texas, 77381 U.S.A.</subfield>
    <subfield code="v">Academy of Athens, Division of Natural Sciences,  28 Panepistimiou Avenue, Athens, 10679 Greece</subfield>
    <subfield code="w">USA</subfield>
    <subfield code="w">Greece</subfield>
  </datafield>
  <datafield tag="700" ind1=" " ind2=" ">
    <subfield code="a">Olive, Keith A.</subfield>
    <subfield code="v">William I. Fine Theoretical Physics Institute, School of Physics and Astronomy,  University of Minnesota, 116 Church Street SE, Minneapolis, MN, 55455  U.S.A.</subfield>
    <subfield code="w">USA</subfield>
  </datafield>
  <datafield tag="856" ind1="4" ind2=" ">
    <subfield code="s">1037871</subfield>
    <subfield code="u">http://repo.scoap3.org/record/2612/files/fulltext.pdf</subfield>
  </datafield>
  <datafield tag="856" ind1="4" ind2=" ">
    <subfield code="s">72950</subfield>
    <subfield code="u">http://repo.scoap3.org/record/2612/files/fulltext.xml</subfield>
  </datafield>
  <datafield tag="909" ind1="C" ind2="O">
    <subfield code="o">oai:repo.scoap3.org:2612</subfield>
    <subfield code="p">GLOBAL_SET</subfield>
    <subfield code="p">JOURNAL_OF_COSMOLOGY_AND_ASTROPARTICLE_PHYSICS</subfield>
  </datafield>
  <datafield tag="980" ind1=" " ind2=" ">
    <subfield code="a">SCOAP3</subfield>
    <subfield code="b">IOP</subfield>
  </datafield>
</record>