
<record>
  <controlfield tag="001">2610</controlfield>
  <controlfield tag="005">20151125144937.0</controlfield>
  <datafield tag="022" ind1=" " ind2=" ">
    <subfield code="a">1475-7516</subfield>
  </datafield>
  <datafield tag="024" ind1="7" ind2=" ">
    <subfield code="a">10.1088/1475-7516/2014/05/036</subfield>
    <subfield code="2">DOI</subfield>
    <subfield code="t">2014-06-09T17:03:15Z</subfield>
  </datafield>
  <datafield tag="035" ind1=" " ind2=" ">
    <subfield code="a">1245445</subfield>
    <subfield code="9">INSPIRE</subfield>
  </datafield>
  <datafield tag="037" ind1=" " ind2=" ">
    <subfield code="a">arXiv:1307.8329</subfield>
    <subfield code="9">arXiv</subfield>
  </datafield>
  <datafield tag="100" ind1=" " ind2=" ">
    <subfield code="a">Comelli, D.</subfield>
    <subfield code="v">INFN — Sezione di Ferrara,   I-35131 Ferrara, Italy</subfield>
    <subfield code="w">Italy</subfield>
  </datafield>
  <datafield tag="773" ind1=" " ind2=" ">
    <subfield code="p">JCAP</subfield>
    <subfield code="v">1405</subfield>
    <subfield code="n">05</subfield>
    <subfield code="c">036</subfield>
    <subfield code="y">2014</subfield>
  </datafield>
  <datafield tag="245" ind1=" " ind2=" ">
    <subfield code="a">
Cosmology in general massive gravity theories</subfield>
  </datafield>
  <datafield tag="260" ind1=" " ind2=" ">
    <subfield code="c">2014-05-01</subfield>
    <subfield code="b">Institute of Physics Publishing/SISSA</subfield>
  </datafield>
  <datafield tag="520" ind1=" " ind2=" ">
    <subfield code="a">We study  the   cosmological FRW flat solutions generated in general massive gravity theories.
  Such a model are obtained adding to the Einstein General Relativity action a  peculiar non derivative potentials, function  of the metric components, that induce the propagation of  five  gravitational degrees of freedom. This large class of  theories includes both the case with a residual
Lorentz invariance 
as well as   the case with rotational invariance only.     It turns out that the Lorentz-breaking case is
  selected as the only possibility.
  Moreover it turns out that that perturbations around strict Minkowski or dS space are strongly coupled.
 The upshot is that even though  dark energy can be simply accounted by  massive
 gravity modifications, its equation of state weff has to deviate from
  -1.
  Indeed, there is  an explicit relation between the strong coupling
  scale of perturbations and the deviation of weff from
  -1. Taking into account current limits on weff and
  submillimiter tests of the Newton's law as a limit on the possible
  strong coupling scale, we find that it is still possible to have a
  weakly coupled theory in a quasi dS background.  Future experimental
  improvements on short distance tests of the Newton's law may be used
  to tighten the deviation of
  weff form -1 in a weakly coupled massive gravity theory.</subfield>
  </datafield>
  <datafield tag="540" ind1=" " ind2=" ">
    <subfield code="a">CC-BY-3.0</subfield>
    <subfield code="u">http://creativecommons.org/licenses/by/3.0/</subfield>
  </datafield>
  <datafield tag="542" ind1=" " ind2=" ">
    <subfield code="f"></subfield>
  </datafield>
  <datafield tag="591" ind1=" " ind2=" ">
    <subfield code="a">CC:1</subfield>
  </datafield>
  <datafield tag="591" ind1=" " ind2=" ">
    <subfield code="a">Authors:1</subfield>
  </datafield>
  <datafield tag="591" ind1=" " ind2=" ">
    <subfield code="a">SCOAP3:1</subfield>
  </datafield>
  <datafield tag="591" ind1=" " ind2=" ">
    <subfield code="a">Category:1</subfield>
  </datafield>
  <datafield tag="653" ind1="1" ind2=" ">
    <subfield code="a">dark energy theory</subfield>
    <subfield code="9">author</subfield>
  </datafield>
  <datafield tag="653" ind1="1" ind2=" ">
    <subfield code="a">cosmological perturbation theory</subfield>
    <subfield code="9">author</subfield>
  </datafield>
  <datafield tag="653" ind1="1" ind2=" ">
    <subfield code="a">modified gravity</subfield>
    <subfield code="9">author</subfield>
  </datafield>
  <datafield tag="700" ind1=" " ind2=" ">
    <subfield code="a">Nesti, F.</subfield>
    <subfield code="v">Gran Sasso Science Institute,  viale Crispi 7, I-67100 L'Aquila, Italy</subfield>
    <subfield code="v">Ruđer Bošković Institute,  Bijenička cesta 54, 10000, Zagreb, Croatia</subfield>
    <subfield code="w">Italy</subfield>
    <subfield code="w">Croatia</subfield>
  </datafield>
  <datafield tag="700" ind1=" " ind2=" ">
    <subfield code="a">Pilo, L.</subfield>
    <subfield code="v">Dipartimento di Scienze Fisiche e Chimiche,   Università di L'Aquila,   I-67010 L'Aquila, Italy</subfield>
    <subfield code="v">INFN, Laboratori Nazionali del Gran Sasso,  I-67010   Assergi, Italy</subfield>
    <subfield code="w">Italy</subfield>
  </datafield>
  <datafield tag="856" ind1="4" ind2=" ">
    <subfield code="s">59121</subfield>
    <subfield code="u">http://repo.scoap3.org/record/2610/files/fulltext.xml</subfield>
  </datafield>
  <datafield tag="856" ind1="4" ind2=" ">
    <subfield code="s">680768</subfield>
    <subfield code="u">http://repo.scoap3.org/record/2610/files/fulltext.pdf</subfield>
  </datafield>
  <datafield tag="909" ind1="C" ind2="O">
    <subfield code="o">oai:repo.scoap3.org:2610</subfield>
    <subfield code="p">GLOBAL_SET</subfield>
    <subfield code="p">JOURNAL_OF_COSMOLOGY_AND_ASTROPARTICLE_PHYSICS</subfield>
  </datafield>
  <datafield tag="980" ind1=" " ind2=" ">
    <subfield code="a">SCOAP3</subfield>
    <subfield code="b">IOP</subfield>
  </datafield>
</record>