
<record>
  <controlfield tag="001">2455</controlfield>
  <controlfield tag="005">20150408142838.0</controlfield>
  <datafield tag="022" ind1=" " ind2=" ">
    <subfield code="a">1475-7516</subfield>
  </datafield>
  <datafield tag="024" ind1="7" ind2=" ">
    <subfield code="a">10.1088/1475-7516/2014/05/013</subfield>
    <subfield code="2">DOI</subfield>
    <subfield code="t">2014-06-09T17:03:15Z</subfield>
  </datafield>
  <datafield tag="035" ind1=" " ind2=" ">
    <subfield code="a">1084198</subfield>
    <subfield code="9">INSPIRE</subfield>
  </datafield>
  <datafield tag="037" ind1=" " ind2=" ">
    <subfield code="a">arXiv:1201.2400</subfield>
    <subfield code="9">arXiv</subfield>
  </datafield>
  <datafield tag="100" ind1=" " ind2=" ">
    <subfield code="a">Güver, Tolga</subfield>
    <subfield code="v">Department of Astronomy and Space Sciences, Faculty of Sciences, Istanbul University,  University, Beyazit, Istanbul, 34119 Turkey</subfield>
    <subfield code="w">Turkey</subfield>
  </datafield>
  <datafield tag="773" ind1=" " ind2=" ">
    <subfield code="p">JCAP</subfield>
    <subfield code="v">1405</subfield>
    <subfield code="n">05</subfield>
    <subfield code="c">013</subfield>
    <subfield code="y">2014</subfield>
  </datafield>
  <datafield tag="245" ind1=" " ind2=" ">
    <subfield code="a">
On the  capture of dark matter by  neutron stars</subfield>
  </datafield>
  <datafield tag="260" ind1=" " ind2=" ">
    <subfield code="c">2014-05-01</subfield>
    <subfield code="b">Institute of Physics Publishing/SISSA</subfield>
  </datafield>
  <datafield tag="520" ind1=" " ind2=" ">
    <subfield code="a">We  calculate the  number of  dark matter  particles that  a
  neutron star accumulates over its  lifetime as it rotates around the
  center  of   a  galaxy,   when  the  dark   matter  particle   is  a
  self-interacting boson  but does not self-annihilate.   We take into
  account dark matter  interactions with baryonic matter  and the time
  evolution  of the  dark matter  sphere  as it  collapses within  the
  neutron star.   We show that  dark matter self-interactions  play an
  important role in the rapid accumulation  of dark matter in the core
  of the neutron star.  We  consider the possibility of determining an
  exclusion region  of the
   parameter space for  dark matter  mass and
  dark matter interaction cross section with the nucleons as well
  as dark matter self-interaction cross section, based on the observation of
  old  neutron stars.  We
  show that for  a dark matter density of 103 GeV/cm3and dark
  matter mass mχ ≲ 10 GeV, there  is a  potential exclusion
  region  for dark  matter interactions  with nucleons  that is  three
  orders of  magnitude more stringent than  without self-interactions.
  The potential exclusion region for dark matter
  self-interaction cross sections is  many  orders  of
  magnitude stronger than the current Bullet Cluster limit.  For
  example, for high dark matter density regions, we find that for
  mχ ∼ 10 GeV when the dark matter interaction cross
  section with the nucleons ranges from
  σχn ∼ 10−52 cm2 to
  σχn ∼ 10−57 cm2, the dark matter self-interaction
  cross section limit is σχχ ≲ 10−33 cm2, which is
  about ten orders of magnitude stronger than the Bullet Cluster limit.</subfield>
  </datafield>
  <datafield tag="540" ind1=" " ind2=" ">
    <subfield code="a">CC-BY-3.0</subfield>
    <subfield code="u">http://creativecommons.org/licenses/by/3.0/</subfield>
  </datafield>
  <datafield tag="542" ind1=" " ind2=" ">
    <subfield code="f"></subfield>
  </datafield>
  <datafield tag="591" ind1=" " ind2=" ">
    <subfield code="a">CC:1</subfield>
  </datafield>
  <datafield tag="591" ind1=" " ind2=" ">
    <subfield code="a">Authors:1</subfield>
  </datafield>
  <datafield tag="591" ind1=" " ind2=" ">
    <subfield code="a">SCOAP3:1</subfield>
  </datafield>
  <datafield tag="591" ind1=" " ind2=" ">
    <subfield code="a">Category:1</subfield>
  </datafield>
  <datafield tag="653" ind1="1" ind2=" ">
    <subfield code="a">neutron stars</subfield>
    <subfield code="9">author</subfield>
  </datafield>
  <datafield tag="653" ind1="1" ind2=" ">
    <subfield code="a">dark matter experiments</subfield>
    <subfield code="9">author</subfield>
  </datafield>
  <datafield tag="653" ind1="1" ind2=" ">
    <subfield code="a">dark matter theory</subfield>
    <subfield code="9">author</subfield>
  </datafield>
  <datafield tag="700" ind1=" " ind2=" ">
    <subfield code="a">Erkoca, Arif Emre</subfield>
    <subfield code="v">Department of Physics, University of Arizona, 1118 East 4th Street, Tucson, AZ, 85721 U.S.A.</subfield>
    <subfield code="w">USA</subfield>
  </datafield>
  <datafield tag="700" ind1=" " ind2=" ">
    <subfield code="a">Reno, Mary Hall</subfield>
    <subfield code="v">Department of Physics and Astronomy, University of Iowa, 203 Van Allen Hall, Iowa City, IA, 52242 U.S.A.</subfield>
    <subfield code="w">USA</subfield>
  </datafield>
  <datafield tag="700" ind1=" " ind2=" ">
    <subfield code="a">Sarcevic, Ina</subfield>
    <subfield code="v">Department of Physics, University of Arizona, 1118 East 4th Street, Tucson, AZ, 85721 U.S.A.</subfield>
    <subfield code="v">Department of Astronomy, University of Arizona, 933 North Cherry Avenue, Tucson, AZ, 85721 U.S.A.</subfield>
    <subfield code="w">USA</subfield>
  </datafield>
  <datafield tag="856" ind1="4" ind2=" ">
    <subfield code="s">781106</subfield>
    <subfield code="u">http://repo.scoap3.org/record/2455/files/fulltext.pdf</subfield>
  </datafield>
  <datafield tag="856" ind1="4" ind2=" ">
    <subfield code="s">83799</subfield>
    <subfield code="u">http://repo.scoap3.org/record/2455/files/fulltext.xml</subfield>
  </datafield>
  <datafield tag="909" ind1="C" ind2="O">
    <subfield code="o">oai:repo.scoap3.org:2455</subfield>
    <subfield code="p">GLOBAL_SET</subfield>
    <subfield code="p">JOURNAL_OF_COSMOLOGY_AND_ASTROPARTICLE_PHYSICS</subfield>
  </datafield>
  <datafield tag="980" ind1=" " ind2=" ">
    <subfield code="a">SCOAP3</subfield>
    <subfield code="b">IOP</subfield>
  </datafield>
</record>