
<record>
  <controlfield tag="001">2368</controlfield>
  <controlfield tag="005">20151125144828.0</controlfield>
  <datafield tag="022" ind1=" " ind2=" ">
    <subfield code="a">1475-7516</subfield>
  </datafield>
  <datafield tag="024" ind1="7" ind2=" ">
    <subfield code="a">10.1088/1475-7516/2014/05/007</subfield>
    <subfield code="2">DOI</subfield>
    <subfield code="t">2014-06-09T17:03:15Z</subfield>
  </datafield>
  <datafield tag="035" ind1=" " ind2=" ">
    <subfield code="a">1268761</subfield>
    <subfield code="9">INSPIRE</subfield>
  </datafield>
  <datafield tag="037" ind1=" " ind2=" ">
    <subfield code="a">arXiv:1312.2957</subfield>
    <subfield code="9">arXiv</subfield>
  </datafield>
  <datafield tag="100" ind1=" " ind2=" ">
    <subfield code="a">Ballesteros, Guillermo</subfield>
    <subfield code="v">Institut für Theoretische Physik, Universität Heidelberg,  Philosophenweg 16, D-69120 Heidelberg, Germany</subfield>
    <subfield code="v">University of Geneva, Department of Theoretical Physics and   Center for Astroparticle Physics (CAP),  24 quai E. Ansermet, CH-1211 Geneva 4, Switzerland</subfield>
    <subfield code="w">Switzerland</subfield>
    <subfield code="w">Germany</subfield>
  </datafield>
  <datafield tag="773" ind1=" " ind2=" ">
    <subfield code="p">JCAP</subfield>
    <subfield code="v">1405</subfield>
    <subfield code="n">05</subfield>
    <subfield code="c">007</subfield>
    <subfield code="y">2014</subfield>
  </datafield>
  <datafield tag="245" ind1=" " ind2=" ">
    <subfield code="a">
The effective field theory of multi-component fluids</subfield>
  </datafield>
  <datafield tag="260" ind1=" " ind2=" ">
    <subfield code="c">2014-05-01</subfield>
    <subfield code="b">Institute of Physics Publishing/SISSA</subfield>
  </datafield>
  <datafield tag="520" ind1=" " ind2=" ">
    <subfield code="a">We study the effective Lagrangian, at leading order in derivatives, that describes the propagation of  density and metric  fluctuations  in a fluid composed by an arbitrary number of interacting  components. Our results can be applied to any situation in cosmology where different species have non-gravitational interactions.In time-dependent backgrounds, such as FLRW, the quadratic action can only be diagonalized at fixed time slices and flavour mixing is unavoidable as time flows. In spite of this, the fluid can be interpreted at the level of the linear equations of motion as an ensemble of individual interacting species. We show that interactions lead to anisotropic stresses that depend on the mixing terms in the quadratic action for perturbations.In addition to the standard entrainment among different components, we find a new operator in the effective action that behaves as a cosmological constant when it dominates the dynamics.</subfield>
  </datafield>
  <datafield tag="540" ind1=" " ind2=" ">
    <subfield code="a">CC-BY-3.0</subfield>
    <subfield code="u">http://creativecommons.org/licenses/by/3.0/</subfield>
  </datafield>
  <datafield tag="542" ind1=" " ind2=" ">
    <subfield code="f"></subfield>
  </datafield>
  <datafield tag="591" ind1=" " ind2=" ">
    <subfield code="a">CC:1</subfield>
  </datafield>
  <datafield tag="591" ind1=" " ind2=" ">
    <subfield code="a">Authors:1</subfield>
  </datafield>
  <datafield tag="591" ind1=" " ind2=" ">
    <subfield code="a">SCOAP3:1</subfield>
  </datafield>
  <datafield tag="591" ind1=" " ind2=" ">
    <subfield code="a">Category:1</subfield>
  </datafield>
  <datafield tag="653" ind1="1" ind2=" ">
    <subfield code="a">dark energy theory</subfield>
    <subfield code="9">author</subfield>
  </datafield>
  <datafield tag="653" ind1="1" ind2=" ">
    <subfield code="a">cosmological perturbation theory</subfield>
    <subfield code="9">author</subfield>
  </datafield>
  <datafield tag="653" ind1="1" ind2=" ">
    <subfield code="a">dark matter theory</subfield>
    <subfield code="9">author</subfield>
  </datafield>
  <datafield tag="653" ind1="1" ind2=" ">
    <subfield code="a">gravity</subfield>
    <subfield code="9">author</subfield>
  </datafield>
  <datafield tag="700" ind1=" " ind2=" ">
    <subfield code="a">Bellazzini, Brando</subfield>
    <subfield code="v">Institut de Physique Théorique, CEA-Saclay and CNRS URA-2306,   F-91191 Gif-sur-Yvette Cedex, France</subfield>
    <subfield code="v">Dipartimento di Fisica e Astronomia, Università di Padova and INFN Sezione di Padova,  Via Marzolo 8, I-35131 Padova, Italy</subfield>
    <subfield code="w">Italy</subfield>
    <subfield code="w">France</subfield>
  </datafield>
  <datafield tag="700" ind1=" " ind2=" ">
    <subfield code="a">Mercolli, Lorenzo</subfield>
    <subfield code="v">Department of Astrophysical Sciences, Princeton University,  Princeton, NJ 08544, U.S.A.</subfield>
    <subfield code="w">USA</subfield>
  </datafield>
  <datafield tag="856" ind1="4" ind2=" ">
    <subfield code="s">491322</subfield>
    <subfield code="u">http://repo.scoap3.org/record/2368/files/fulltext.pdf</subfield>
  </datafield>
  <datafield tag="856" ind1="4" ind2=" ">
    <subfield code="s">92487</subfield>
    <subfield code="u">http://repo.scoap3.org/record/2368/files/fulltext.xml</subfield>
  </datafield>
  <datafield tag="909" ind1="C" ind2="O">
    <subfield code="o">oai:repo.scoap3.org:2368</subfield>
    <subfield code="p">GLOBAL_SET</subfield>
    <subfield code="p">JOURNAL_OF_COSMOLOGY_AND_ASTROPARTICLE_PHYSICS</subfield>
  </datafield>
  <datafield tag="980" ind1=" " ind2=" ">
    <subfield code="a">SCOAP3</subfield>
    <subfield code="b">IOP</subfield>
  </datafield>
</record>