
<record>
  <controlfield tag="001">2322</controlfield>
  <controlfield tag="005">20151125144823.0</controlfield>
  <datafield tag="022" ind1=" " ind2=" ">
    <subfield code="a">1475-7516</subfield>
  </datafield>
  <datafield tag="024" ind1="7" ind2=" ">
    <subfield code="a">10.1088/1475-7516/2014/05/002</subfield>
    <subfield code="2">DOI</subfield>
    <subfield code="t">2014-06-09T17:03:15Z</subfield>
  </datafield>
  <datafield tag="035" ind1=" " ind2=" ">
    <subfield code="a">1265525</subfield>
    <subfield code="9">INSPIRE</subfield>
  </datafield>
  <datafield tag="037" ind1=" " ind2=" ">
    <subfield code="a">arXiv:1311.5267</subfield>
    <subfield code="9">arXiv</subfield>
  </datafield>
  <datafield tag="100" ind1=" " ind2=" ">
    <subfield code="a">Dvornikov, Maxim</subfield>
    <subfield code="v">Research School of Physics and Engineering, Australian National University,  2601 Canberra, ACT, Australia</subfield>
    <subfield code="v">Institute of Physics, University of São Paulo,  CP 66318, CEP 05315-970 São Paulo, SP, Brazil</subfield>
    <subfield code="v">Pushkov Institute of Terrestrial Magnetism, Ionosphere and Radiowave Propagation of the Russian Academy of Sciences (IZMIRAN),  142190 Troitsk, Moscow, Russia</subfield>
    <subfield code="w">Brazil</subfield>
    <subfield code="w">Australia</subfield>
    <subfield code="w">Russia</subfield>
  </datafield>
  <datafield tag="773" ind1=" " ind2=" ">
    <subfield code="p">JCAP</subfield>
    <subfield code="v">1405</subfield>
    <subfield code="n">05</subfield>
    <subfield code="c">002</subfield>
    <subfield code="y">2014</subfield>
  </datafield>
  <datafield tag="245" ind1=" " ind2=" ">
    <subfield code="a">
Instability of magnetic fields in electroweak plasma driven by neutrino asymmetries</subfield>
  </datafield>
  <datafield tag="260" ind1=" " ind2=" ">
    <subfield code="c">2014-05-01</subfield>
    <subfield code="b">Institute of Physics Publishing/SISSA</subfield>
  </datafield>
  <datafield tag="520" ind1=" " ind2=" ">
    <subfield code="a">The magnetohydrodynamics (MHD) is 
modified to incorporate the parity violation in the Standard Model
leading to a new instability of magnetic fields in the electroweak plasma in the presence of
nonzero neutrino asymmetries. The main ingredient for such a modified MHD is the antisymmetric part of
the photon polarization tensor in plasma, where the parity violating neutrino interaction with charged leptons
is present. We calculate this contribution to the polarization
tensor connected with the Chern-Simons term in effective Lagrangian of
the electromagnetic field. The general expression for such a contribution which depends on
the temperature and the chemical potential of plasma as well as on the photon's momentum is derived.
The instability of a magnetic field driven by the electron neutrino asymmetry for the ν-burst during the first second of a supernova explosion can amplify a seed magnetic field of a protostar, and, perhaps, can explain the generation of strongest magnetic fields in magnetars.
The growth of a cosmological magnetic field driven by the neutrino asymmetry density Δnν = nν−nν̄≠0  is provided by a lower bound on |ξνe| = |μνe|/T which is consistent with the well-known Big Bang nucleosynthesis (upper) bound on neutrino asymmetries in a hot universe plasma.</subfield>
  </datafield>
  <datafield tag="540" ind1=" " ind2=" ">
    <subfield code="a">CC-BY-3.0</subfield>
    <subfield code="u">http://creativecommons.org/licenses/by/3.0/</subfield>
  </datafield>
  <datafield tag="542" ind1=" " ind2=" ">
    <subfield code="f"></subfield>
  </datafield>
  <datafield tag="591" ind1=" " ind2=" ">
    <subfield code="a">CC:1</subfield>
  </datafield>
  <datafield tag="591" ind1=" " ind2=" ">
    <subfield code="a">Authors:1</subfield>
  </datafield>
  <datafield tag="591" ind1=" " ind2=" ">
    <subfield code="a">SCOAP3:1</subfield>
  </datafield>
  <datafield tag="591" ind1=" " ind2=" ">
    <subfield code="a">Category:1</subfield>
  </datafield>
  <datafield tag="653" ind1="1" ind2=" ">
    <subfield code="a">core-collapse supernovas</subfield>
    <subfield code="9">author</subfield>
  </datafield>
  <datafield tag="653" ind1="1" ind2=" ">
    <subfield code="a">primordial magnetic fields</subfield>
    <subfield code="9">author</subfield>
  </datafield>
  <datafield tag="653" ind1="1" ind2=" ">
    <subfield code="a">galactic magnetic fields</subfield>
    <subfield code="9">author</subfield>
  </datafield>
  <datafield tag="700" ind1=" " ind2=" ">
    <subfield code="a">Semikoz, Victor B.</subfield>
    <subfield code="v">Pushkov Institute of Terrestrial Magnetism, Ionosphere and Radiowave Propagation of the Russian Academy of Sciences (IZMIRAN),  142190 Troitsk, Moscow, Russia</subfield>
    <subfield code="w">Russia</subfield>
  </datafield>
  <datafield tag="856" ind1="4" ind2=" ">
    <subfield code="s">405855</subfield>
    <subfield code="u">http://repo.scoap3.org/record/2322/files/fulltext.pdf</subfield>
  </datafield>
  <datafield tag="856" ind1="4" ind2=" ">
    <subfield code="s">95112</subfield>
    <subfield code="u">http://repo.scoap3.org/record/2322/files/fulltext.xml</subfield>
  </datafield>
  <datafield tag="909" ind1="C" ind2="O">
    <subfield code="o">oai:repo.scoap3.org:2322</subfield>
    <subfield code="p">GLOBAL_SET</subfield>
    <subfield code="p">JOURNAL_OF_COSMOLOGY_AND_ASTROPARTICLE_PHYSICS</subfield>
  </datafield>
  <datafield tag="980" ind1=" " ind2=" ">
    <subfield code="a">SCOAP3</subfield>
    <subfield code="b">IOP</subfield>
  </datafield>
</record>