
<record>
  <controlfield tag="001">2136</controlfield>
  <controlfield tag="005">20150408142812.0</controlfield>
  <datafield tag="022" ind1=" " ind2=" ">
    <subfield code="a">1475-7516</subfield>
  </datafield>
  <datafield tag="024" ind1="7" ind2=" ">
    <subfield code="a">10.1088/1475-7516/2014/04/024</subfield>
    <subfield code="2">DOI</subfield>
    <subfield code="t">2014-04-25T14:13:32Z</subfield>
  </datafield>
  <datafield tag="035" ind1=" " ind2=" ">
    <subfield code="a">1268954</subfield>
    <subfield code="9">INSPIRE</subfield>
  </datafield>
  <datafield tag="037" ind1=" " ind2=" ">
    <subfield code="a">arXiv:1312.3623</subfield>
    <subfield code="9">arXiv</subfield>
  </datafield>
  <datafield tag="100" ind1=" " ind2=" ">
    <subfield code="a">Pallis, C.</subfield>
    <subfield code="v">Departament de Física Teòrica and IFIC, Universitat de València-CSIC,  Burjassot, E-46100 Spain</subfield>
    <subfield code="w">Spain</subfield>
  </datafield>
  <datafield tag="245" ind1=" " ind2=" ">
    <subfield code="a">
Linking Starobinsky-type inflation in no-scale supergravity to MSSM</subfield>
  </datafield>
  <datafield tag="260" ind1=" " ind2=" ">
    <subfield code="c">2014-04-01</subfield>
    <subfield code="b">Institute of Physics Publishing/SISSA</subfield>
  </datafield>
  <datafield tag="520" ind1=" " ind2=" ">
    <subfield code="a">A novel realization of the Starobinsky inflationary
model within a moderate extension of the Minimal Supersymmetric
Standard Model (MSSM) is presented. The proposed superpotential is
uniquely determined by applying a continuous R and a
ℤ2 discrete symmetry, whereas the Kähler potential is associated
with a no-scale-type SU(54,1)/SU(54) × U(1)R × ℤ2 Kähler manifold. The inflaton is identified with a
Higgs-like modulus whose the vacuum expectation value controls the
gravitational strength. Thanks to a strong enough coupling (with a
parameter cT involved) between the inflaton and the Ricci
scalar curvature, inflation can be attained even for subplanckian values
of the inflaton with cT ⩾ 76 and the corresponding effective
theory being valid up to the Planck scale. The inflationary
observables turn out to be in agreement with the current data and
the inflaton mass is predicted to be 3·1013GeV. At the
cost of a relatively small superpotential coupling constant, the model
offers also a resolution of the μ problem of MSSM for
cT ⩽ 4500 and gravitino heavier than about 104GeV.
Supplementing MSSM  by three right-handed neutrinos we show that
spontaneously arising couplings between the inflaton and the
particle content of MSSM not only ensure a sufficiently low
reheating temperature but also support a scenario of non-thermal
leptogenesis consistently with the neutrino oscillation
parameters.</subfield>
  </datafield>
  <datafield tag="540" ind1=" " ind2=" ">
    <subfield code="a">CC-BY-3.0</subfield>
    <subfield code="u">http://creativecommons.org/licenses/by/3.0/</subfield>
  </datafield>
  <datafield tag="542" ind1=" " ind2=" ">
    <subfield code="f"></subfield>
  </datafield>
  <datafield tag="591" ind1=" " ind2=" ">
    <subfield code="a">CC:1</subfield>
  </datafield>
  <datafield tag="591" ind1=" " ind2=" ">
    <subfield code="a">Authors:1</subfield>
  </datafield>
  <datafield tag="591" ind1=" " ind2=" ">
    <subfield code="a">SCOAP3:1</subfield>
  </datafield>
  <datafield tag="591" ind1=" " ind2=" ">
    <subfield code="a">Category:1</subfield>
  </datafield>
  <datafield tag="653" ind1="1" ind2=" ">
    <subfield code="a">inflation</subfield>
    <subfield code="9">author</subfield>
  </datafield>
  <datafield tag="653" ind1="1" ind2=" ">
    <subfield code="a">cosmology of theories beyond the SM</subfield>
    <subfield code="9">author</subfield>
  </datafield>
  <datafield tag="653" ind1="1" ind2=" ">
    <subfield code="a">supersymmetry and cosmology</subfield>
    <subfield code="9">author</subfield>
  </datafield>
  <datafield tag="653" ind1="1" ind2=" ">
    <subfield code="a">particle physics - cosmology connection</subfield>
    <subfield code="9">author</subfield>
  </datafield>
  <datafield tag="773" ind1=" " ind2=" ">
    <subfield code="p">JCAP</subfield>
    <subfield code="v">1404</subfield>
    <subfield code="n">04</subfield>
    <subfield code="c">024</subfield>
    <subfield code="y">2014</subfield>
  </datafield>
  <datafield tag="856" ind1="4" ind2=" ">
    <subfield code="s">115847</subfield>
    <subfield code="u">http://repo.scoap3.org/record/2136/files/fulltext.xml</subfield>
  </datafield>
  <datafield tag="856" ind1="4" ind2=" ">
    <subfield code="s">806501</subfield>
    <subfield code="u">http://repo.scoap3.org/record/2136/files/fulltext.pdf</subfield>
  </datafield>
  <datafield tag="909" ind1="C" ind2="O">
    <subfield code="o">oai:repo.scoap3.org:2136</subfield>
    <subfield code="p">GLOBAL_SET</subfield>
    <subfield code="p">JOURNAL_OF_COSMOLOGY_AND_ASTROPARTICLE_PHYSICS</subfield>
  </datafield>
  <datafield tag="980" ind1=" " ind2=" ">
    <subfield code="a">SCOAP3</subfield>
    <subfield code="b">IOP</subfield>
  </datafield>
</record>