
<record>
  <controlfield tag="001">2134</controlfield>
  <controlfield tag="005">20150408142811.0</controlfield>
  <datafield tag="022" ind1=" " ind2=" ">
    <subfield code="a">1475-7516</subfield>
  </datafield>
  <datafield tag="024" ind1="7" ind2=" ">
    <subfield code="a">10.1088/1475-7516/2014/04/022</subfield>
    <subfield code="2">DOI</subfield>
    <subfield code="t">2014-04-25T14:13:32Z</subfield>
  </datafield>
  <datafield tag="035" ind1=" " ind2=" ">
    <subfield code="a">1278803</subfield>
    <subfield code="9">INSPIRE</subfield>
  </datafield>
  <datafield tag="037" ind1=" " ind2=" ">
    <subfield code="a">arXiv:1401.6457</subfield>
    <subfield code="9">arXiv</subfield>
  </datafield>
  <datafield tag="100" ind1=" " ind2=" ">
    <subfield code="a">Kopp, Joachim</subfield>
    <subfield code="v"> Max-Planck-Institut für Kernphysik,  Saupfercheckweg 1, 69117 Heidelberg, Germany</subfield>
    <subfield code="w">Germany</subfield>
  </datafield>
  <datafield tag="773" ind1=" " ind2=" ">
    <subfield code="p">JCAP</subfield>
    <subfield code="v">1404</subfield>
    <subfield code="n">04</subfield>
    <subfield code="c">022</subfield>
    <subfield code="y">2014</subfield>
  </datafield>
  <datafield tag="245" ind1=" " ind2=" ">
    <subfield code="a">
Loopy constraints on leptophilic dark matter and internal bremsstrahlung</subfield>
  </datafield>
  <datafield tag="260" ind1=" " ind2=" ">
    <subfield code="c">2014-04-01</subfield>
    <subfield code="b">Institute of Physics Publishing/SISSA</subfield>
  </datafield>
  <datafield tag="520" ind1=" " ind2=" ">
    <subfield code="a">A sharp and spatially extended peak in an astrophysical gamma ray spectrum
  would provide very strong evidence for the existence of dark matter (DM),
  given that there are no known astrophysical processes that could mimic such a
  signal. From the particle physics perspective, perhaps the simplest
  explanation for a gamma ray peak is internal bremsstrahlung in DM
  annihilation through a charged t-channel mediator η close in mass to
  the DM particle χ.  Since DM annihilation to quarks is already tightly
  constrained in this scenario, we focus here on the leptophilic case.  We
  compute the electromagnetic anapole and dipole moments that DM acquires at
  1-loop, and we find an interesting enhancement of these moments if the DM particle
  and the mediator are close in mass.  We constrain the DM anapole and dipole moments
  using direct detection data, and then translate these limits into bounds on
  the DM annihilation cross section. Our bounds are highly competitive with those from
  astrophysical gamma ray searches.  In the second part of the paper, we derive
  complementary constraints on internal bremsstrahlung in DM annihilation using
  LEP mono-photon data, measurements of the anomalous magnetic moments of the
  electron and the muon, and searches for lepton flavor violation. We also
  comment on the impact of the internal bremsstrahlung scenario on the
  hyperfine splitting of true muonium.</subfield>
  </datafield>
  <datafield tag="540" ind1=" " ind2=" ">
    <subfield code="a">CC-BY-3.0</subfield>
    <subfield code="u">http://creativecommons.org/licenses/by/3.0/</subfield>
  </datafield>
  <datafield tag="542" ind1=" " ind2=" ">
    <subfield code="f"></subfield>
  </datafield>
  <datafield tag="591" ind1=" " ind2=" ">
    <subfield code="a">CC:1</subfield>
  </datafield>
  <datafield tag="591" ind1=" " ind2=" ">
    <subfield code="a">Authors:1</subfield>
  </datafield>
  <datafield tag="591" ind1=" " ind2=" ">
    <subfield code="a">SCOAP3:1</subfield>
  </datafield>
  <datafield tag="591" ind1=" " ind2=" ">
    <subfield code="a">Category:1</subfield>
  </datafield>
  <datafield tag="653" ind1="1" ind2=" ">
    <subfield code="a">dark matter detectors</subfield>
    <subfield code="9">author</subfield>
  </datafield>
  <datafield tag="653" ind1="1" ind2=" ">
    <subfield code="a">dark matter experiments</subfield>
    <subfield code="9">author</subfield>
  </datafield>
  <datafield tag="653" ind1="1" ind2=" ">
    <subfield code="a">dark matter theory</subfield>
    <subfield code="9">author</subfield>
  </datafield>
  <datafield tag="700" ind1=" " ind2=" ">
    <subfield code="a">Michaels, Lisa</subfield>
    <subfield code="v"> Max-Planck-Institut für Kernphysik,  Saupfercheckweg 1, 69117 Heidelberg, Germany</subfield>
    <subfield code="w">Germany</subfield>
  </datafield>
  <datafield tag="700" ind1=" " ind2=" ">
    <subfield code="a">Smirnov, Juri</subfield>
    <subfield code="v"> Max-Planck-Institut für Kernphysik,  Saupfercheckweg 1, 69117 Heidelberg, Germany</subfield>
    <subfield code="w">Germany</subfield>
  </datafield>
  <datafield tag="856" ind1="4" ind2=" ">
    <subfield code="s">102221</subfield>
    <subfield code="u">http://repo.scoap3.org/record/2134/files/fulltext.xml</subfield>
  </datafield>
  <datafield tag="856" ind1="4" ind2=" ">
    <subfield code="s">1354980</subfield>
    <subfield code="u">http://repo.scoap3.org/record/2134/files/fulltext.pdf</subfield>
  </datafield>
  <datafield tag="909" ind1="C" ind2="O">
    <subfield code="o">oai:repo.scoap3.org:2134</subfield>
    <subfield code="p">GLOBAL_SET</subfield>
    <subfield code="p">JOURNAL_OF_COSMOLOGY_AND_ASTROPARTICLE_PHYSICS</subfield>
  </datafield>
  <datafield tag="980" ind1=" " ind2=" ">
    <subfield code="a">SCOAP3</subfield>
    <subfield code="b">IOP</subfield>
  </datafield>
</record>