
<record>
  <controlfield tag="001">2111</controlfield>
  <controlfield tag="005">20150408142811.0</controlfield>
  <datafield tag="022" ind1=" " ind2=" ">
    <subfield code="a">1475-7516</subfield>
  </datafield>
  <datafield tag="024" ind1="7" ind2=" ">
    <subfield code="a">10.1088/1475-7516/2014/04/020</subfield>
    <subfield code="2">DOI</subfield>
    <subfield code="t">2014-04-24T10:03:29Z</subfield>
  </datafield>
  <datafield tag="035" ind1=" " ind2=" ">
    <subfield code="a">1262482</subfield>
    <subfield code="9">INSPIRE</subfield>
  </datafield>
  <datafield tag="037" ind1=" " ind2=" ">
    <subfield code="a">arXiv:1310.7609</subfield>
    <subfield code="9">arXiv</subfield>
  </datafield>
  <datafield tag="100" ind1=" " ind2=" ">
    <subfield code="a">Huang, Wei-Chih</subfield>
    <subfield code="v">SISSA, via Bonomea 265, Trieste, I-34136 ITALY</subfield>
    <subfield code="v">INFN, sezione di Trieste, Trieste, I-34136 ITALY</subfield>
    <subfield code="w">Italy</subfield>
  </datafield>
  <datafield tag="773" ind1=" " ind2=" ">
    <subfield code="p">JCAP</subfield>
    <subfield code="v">1404</subfield>
    <subfield code="n">04</subfield>
    <subfield code="c">020</subfield>
    <subfield code="y">2014</subfield>
  </datafield>
  <datafield tag="245" ind1=" " ind2=" ">
    <subfield code="a">
Fermi Bubbles under Dark Matter Scrutiny Part II: Particle Physics Analysis</subfield>
  </datafield>
  <datafield tag="260" ind1=" " ind2=" ">
    <subfield code="c">2014-04-01</subfield>
    <subfield code="b">Institute of Physics Publishing/SISSA</subfield>
  </datafield>
  <datafield tag="520" ind1=" " ind2=" ">
    <subfield code="a">
The analysis of the gamma-ray photons
collected by the Fermi Large Area Telescope reveals, after removal of astrophysical background,
the existence of an excess towards the Galactic center.
This excess peaks around few GeV, and its origin is compatible with the gamma-ray flux originating from Dark Matter annihilation.
In this work we take a closer look on this interpretation; we investigate which kind of Dark Matter, and which type of interactions
with the Standard Model fields are able to reproduce the observed signal. The structure of the paper is twofold.
In the first part, we follow an effective field theory approach considering both fermionic and scalar Dark Matter.
The computation of the relic density, the constraint imposed from the null result of direct searches, and the reliability
of the effective field theory description  allow us to single out only two viable dim-6 operators in the case of fermionic Dark Matter.
In the second part, we analyze some concrete models. In particular, we find that the scalar Higgs portal can provide a simple,
concrete and realistic scenario able to explain the GeV excess under scrutiny.</subfield>
  </datafield>
  <datafield tag="540" ind1=" " ind2=" ">
    <subfield code="a">CC-BY-3.0</subfield>
    <subfield code="u">http://creativecommons.org/licenses/by/3.0/</subfield>
  </datafield>
  <datafield tag="542" ind1=" " ind2=" ">
    <subfield code="f"></subfield>
  </datafield>
  <datafield tag="591" ind1=" " ind2=" ">
    <subfield code="a">CC:1</subfield>
  </datafield>
  <datafield tag="591" ind1=" " ind2=" ">
    <subfield code="a">Authors:1</subfield>
  </datafield>
  <datafield tag="591" ind1=" " ind2=" ">
    <subfield code="a">SCOAP3:1</subfield>
  </datafield>
  <datafield tag="591" ind1=" " ind2=" ">
    <subfield code="a">Category:1</subfield>
  </datafield>
  <datafield tag="653" ind1="1" ind2=" ">
    <subfield code="a">dark matter experiments</subfield>
    <subfield code="9">author</subfield>
  </datafield>
  <datafield tag="653" ind1="1" ind2=" ">
    <subfield code="a">dark matter theory</subfield>
    <subfield code="9">author</subfield>
  </datafield>
  <datafield tag="653" ind1="1" ind2=" ">
    <subfield code="a">gamma ray theory</subfield>
    <subfield code="9">author</subfield>
  </datafield>
  <datafield tag="653" ind1="1" ind2=" ">
    <subfield code="a">gamma ray experiments</subfield>
    <subfield code="9">author</subfield>
  </datafield>
  <datafield tag="700" ind1=" " ind2=" ">
    <subfield code="a">Urbano, Alfredo</subfield>
    <subfield code="v">SISSA, via Bonomea 265, Trieste, I-34136 ITALY</subfield>
    <subfield code="w">Italy</subfield>
  </datafield>
  <datafield tag="700" ind1=" " ind2=" ">
    <subfield code="a">Xue, Wei</subfield>
    <subfield code="v">INFN, sezione di Trieste, Trieste, I-34136 ITALY</subfield>
    <subfield code="v">SISSA, via Bonomea 265, Trieste, I-34136 ITALY</subfield>
    <subfield code="w">Italy</subfield>
  </datafield>
  <datafield tag="856" ind1="4" ind2=" ">
    <subfield code="s">136003</subfield>
    <subfield code="u">http://repo.scoap3.org/record/2111/files/fulltext.xml</subfield>
  </datafield>
  <datafield tag="856" ind1="4" ind2=" ">
    <subfield code="s">2409066</subfield>
    <subfield code="u">http://repo.scoap3.org/record/2111/files/fulltext.pdf</subfield>
  </datafield>
  <datafield tag="909" ind1="C" ind2="O">
    <subfield code="o">oai:repo.scoap3.org:2111</subfield>
    <subfield code="p">GLOBAL_SET</subfield>
    <subfield code="p">JOURNAL_OF_COSMOLOGY_AND_ASTROPARTICLE_PHYSICS</subfield>
  </datafield>
  <datafield tag="980" ind1=" " ind2=" ">
    <subfield code="a">SCOAP3</subfield>
    <subfield code="b">IOP</subfield>
  </datafield>
</record>