
<record>
  <controlfield tag="001">2061</controlfield>
  <controlfield tag="005">20151125144613.0</controlfield>
  <datafield tag="022" ind1=" " ind2=" ">
    <subfield code="a">1475-7516</subfield>
  </datafield>
  <datafield tag="024" ind1="7" ind2=" ">
    <subfield code="a">10.1088/1475-7516/2014/04/018</subfield>
    <subfield code="2">DOI</subfield>
    <subfield code="t">2014-04-22T10:43:11Z</subfield>
  </datafield>
  <datafield tag="035" ind1=" " ind2=" ">
    <subfield code="a">1258412</subfield>
    <subfield code="9">INSPIRE</subfield>
  </datafield>
  <datafield tag="037" ind1=" " ind2=" ">
    <subfield code="a">arXiv:1310.3331</subfield>
    <subfield code="9">arXiv</subfield>
  </datafield>
  <datafield tag="100" ind1=" " ind2=" ">
    <subfield code="a">Li, Tianjun</subfield>
    <subfield code="v">State Key Laboratory of Theoretical Physics and Kavli Institute for Theoretical Physics China (KITPC),       Institute of Theoretical Physics, Chinese Academy of Sciences,  Beijing 100190, P. R. China</subfield>
    <subfield code="v">George P. and Cynthia W. Mitchell Institute for Fundamental Physics and Astronomy,  Texas A&amp;M University, College Station, TX 77843, U.S.A.</subfield>
    <subfield code="v">School of Physical Electronics, University of Electronic Science and Technology of China,  Chengdu 610054, P. R. China</subfield>
    <subfield code="w">China</subfield>
    <subfield code="w">USA</subfield>
  </datafield>
  <datafield tag="773" ind1=" " ind2=" ">
    <subfield code="p">JCAP</subfield>
    <subfield code="v">1404</subfield>
    <subfield code="n">04</subfield>
    <subfield code="c">018</subfield>
    <subfield code="y">2014</subfield>
  </datafield>
  <datafield tag="245" ind1=" " ind2=" ">
    <subfield code="a">
No-scale ripple inflation revisited</subfield>
  </datafield>
  <datafield tag="260" ind1=" " ind2=" ">
    <subfield code="c">2014-04-01</subfield>
    <subfield code="b">Institute of Physics Publishing/SISSA</subfield>
  </datafield>
  <datafield tag="520" ind1=" " ind2=" ">
    <subfield code="a">We revisit the no-scale ripple inflation model, where no-scale
supergravity is modified by an additional term for the inflaton
field in the Kähler potential. This term not only breaks one
SU(N,1) symmetry explicitly, but also plays an important
role for inflation.  We generalize the superpotential in the
no-scale ripple inflation model slightly.
There exists a discrete Z2 symmetry/parity in the scalar potential
in general, which can be preserved or violated by the non-canonical
nomalized inflaton kinetic term. Thus, there are three inflation paths:
one parity invariant path, and the left and right paths for parity
violating scenario. We show that the inflations along the parity invariant path
and right path are consistent with the Planck results. However, the gavitino mass
for the parity invariant path is so large that the inflation results
will be invalid if we consider the inflaton supersymmetry breaking soft mass
term. Thus, only the inflation along the right path gives the correct
and consistent results. Notably, the tensor-to-scalar ratio in such case
can be large, with a value around 0.05, which may be probed by the future
Planck experiment.</subfield>
  </datafield>
  <datafield tag="540" ind1=" " ind2=" ">
    <subfield code="a">CC-BY-3.0</subfield>
    <subfield code="u">http://creativecommons.org/licenses/by/3.0/</subfield>
  </datafield>
  <datafield tag="542" ind1=" " ind2=" ">
    <subfield code="f"></subfield>
  </datafield>
  <datafield tag="591" ind1=" " ind2=" ">
    <subfield code="a">CC:1</subfield>
  </datafield>
  <datafield tag="591" ind1=" " ind2=" ">
    <subfield code="a">Authors:1</subfield>
  </datafield>
  <datafield tag="591" ind1=" " ind2=" ">
    <subfield code="a">SCOAP3:1</subfield>
  </datafield>
  <datafield tag="591" ind1=" " ind2=" ">
    <subfield code="a">Category:1</subfield>
  </datafield>
  <datafield tag="653" ind1="1" ind2=" ">
    <subfield code="a">inflation</subfield>
    <subfield code="9">author</subfield>
  </datafield>
  <datafield tag="653" ind1="1" ind2=" ">
    <subfield code="a">supersymmetry and cosmology</subfield>
    <subfield code="9">author</subfield>
  </datafield>
  <datafield tag="700" ind1=" " ind2=" ">
    <subfield code="a">Li, Zhijin</subfield>
    <subfield code="v">George P. and Cynthia W. Mitchell Institute for Fundamental Physics and Astronomy,  Texas A&amp;M University, College Station, TX 77843, U.S.A.</subfield>
    <subfield code="w">USA</subfield>
  </datafield>
  <datafield tag="700" ind1=" " ind2=" ">
    <subfield code="a">Nanopoulos, Dimitri V.</subfield>
    <subfield code="v">George P. and Cynthia W. Mitchell Institute for Fundamental Physics and Astronomy,  Texas A&amp;M University, College Station, TX 77843, U.S.A.</subfield>
    <subfield code="v">Astroparticle Physics Group, Houston Advanced Research Center (HARC),   Mitchell Campus, Woodlands, TX 77381, U.S.A.</subfield>
    <subfield code="v">Academy of Athens, Division of Natural Sciences,  28 Panepistimiou Avenue, Athens 10679, Greece</subfield>
    <subfield code="w">USA</subfield>
    <subfield code="w">Greece</subfield>
  </datafield>
  <datafield tag="856" ind1="4" ind2=" ">
    <subfield code="s">43050</subfield>
    <subfield code="u">http://repo.scoap3.org/record/2061/files/fulltext.xml</subfield>
  </datafield>
  <datafield tag="856" ind1="4" ind2=" ">
    <subfield code="s">474560</subfield>
    <subfield code="u">http://repo.scoap3.org/record/2061/files/fulltext.pdf</subfield>
  </datafield>
  <datafield tag="909" ind1="C" ind2="O">
    <subfield code="o">oai:repo.scoap3.org:2061</subfield>
    <subfield code="p">GLOBAL_SET</subfield>
    <subfield code="p">PR China</subfield>
    <subfield code="p">JOURNAL_OF_COSMOLOGY_AND_ASTROPARTICLE_PHYSICS</subfield>
    <subfield code="p">PR_China</subfield>
  </datafield>
  <datafield tag="980" ind1=" " ind2=" ">
    <subfield code="a">SCOAP3</subfield>
    <subfield code="b">IOP</subfield>
  </datafield>
</record>