
<record>
  <controlfield tag="001">1947</controlfield>
  <controlfield tag="005">20150408142755.0</controlfield>
  <datafield tag="022" ind1=" " ind2=" ">
    <subfield code="a">1475-7516</subfield>
  </datafield>
  <datafield tag="024" ind1="7" ind2=" ">
    <subfield code="a">10.1088/1475-7516/2014/04/009</subfield>
    <subfield code="2">DOI</subfield>
    <subfield code="t">2014-04-12T08:02:56Z</subfield>
  </datafield>
  <datafield tag="035" ind1=" " ind2=" ">
    <subfield code="a">1277925</subfield>
    <subfield code="9">INSPIRE</subfield>
  </datafield>
  <datafield tag="037" ind1=" " ind2=" ">
    <subfield code="a">arXiv:1401.4137</subfield>
    <subfield code="9">arXiv</subfield>
  </datafield>
  <datafield tag="100" ind1=" " ind2=" ">
    <subfield code="a">Fröb, Markus B.</subfield>
    <subfield code="v">Departament de Física Fonamental i  Institut de Ciències del Cosmos,   Universitat de Barcelona,  Martí i Franquès 1, 08028 Barcelona, Spain</subfield>
    <subfield code="w">Spain</subfield>
  </datafield>
  <datafield tag="773" ind1=" " ind2=" ">
    <subfield code="p">JCAP</subfield>
    <subfield code="v">1404</subfield>
    <subfield code="n">04</subfield>
    <subfield code="c">009</subfield>
    <subfield code="y">2014</subfield>
  </datafield>
  <datafield tag="245" ind1=" " ind2=" ">
    <subfield code="a">
Schwinger effect in de Sitter space</subfield>
  </datafield>
  <datafield tag="260" ind1=" " ind2=" ">
    <subfield code="c">2014-04-01</subfield>
    <subfield code="b">Institute of Physics Publishing/SISSA</subfield>
  </datafield>
  <datafield tag="520" ind1=" " ind2=" ">
    <subfield code="a">We consider Schwinger pair production in 1+1 dimensional de
  Sitter space, filled with a constant electric field E.  This can
  be thought of as a model for describing false vacuum decay beyond
  the semiclassical approximation, where pairs of a quantum field
  ϕ of mass m and charge e play the role of vacuum bubbles.
  We find that the adiabatic ``in" vacuum associated with the flat
  chart develops a space-like expectation value for the current J,
  which manifestly breaks the de Sitter invariance of the background
  fields.  We derive a simple expression for J(E), showing that both
  ``upward" and ``downward" tunneling contribute to the build-up of
  the current. For heavy fields, with m2 ≫ eE,H2, the current is
  exponentially suppressed, in agreement with the results of
  semiclassical instanton methods. Here, H is the inverse de Sitter
  radius. On the other hand, light fields with m ≪ H lead to a
  phenomenon of infrared hyperconductivity, where a very small
  electric field mH≲eE ≪ H2 leads to a very large
  current J ∼ H3/E.  We also show that all Hadamard states for
  ϕ necessarily break de Sitter invariance.  Finally, we comment
  on the role of initial conditions, and ``persistence of memory"
  effects.</subfield>
  </datafield>
  <datafield tag="540" ind1=" " ind2=" ">
    <subfield code="a">CC-BY-3.0</subfield>
    <subfield code="u">http://creativecommons.org/licenses/by/3.0/</subfield>
  </datafield>
  <datafield tag="542" ind1=" " ind2=" ">
    <subfield code="f"></subfield>
  </datafield>
  <datafield tag="591" ind1=" " ind2=" ">
    <subfield code="a">CC:1</subfield>
  </datafield>
  <datafield tag="591" ind1=" " ind2=" ">
    <subfield code="a">Authors:1</subfield>
  </datafield>
  <datafield tag="591" ind1=" " ind2=" ">
    <subfield code="a">SCOAP3:1</subfield>
  </datafield>
  <datafield tag="591" ind1=" " ind2=" ">
    <subfield code="a">Category:1</subfield>
  </datafield>
  <datafield tag="653" ind1="1" ind2=" ">
    <subfield code="a">inflation</subfield>
    <subfield code="9">author</subfield>
  </datafield>
  <datafield tag="653" ind1="1" ind2=" ">
    <subfield code="a">initial conditions and eternal universe</subfield>
    <subfield code="9">author</subfield>
  </datafield>
  <datafield tag="653" ind1="1" ind2=" ">
    <subfield code="a">quantum field theory on curved space</subfield>
    <subfield code="9">author</subfield>
  </datafield>
  <datafield tag="700" ind1=" " ind2=" ">
    <subfield code="a">Garriga, Jaume</subfield>
    <subfield code="v">Departament de Física Fonamental i  Institut de Ciències del Cosmos,   Universitat de Barcelona,  Martí i Franquès 1, 08028 Barcelona, Spain</subfield>
    <subfield code="w">Spain</subfield>
  </datafield>
  <datafield tag="700" ind1=" " ind2=" ">
    <subfield code="a">Kanno, Sugumi</subfield>
    <subfield code="v">Laboratory for Quantum Gravity &amp; Strings and Astrophysics,   Cosmology &amp; Gravity Center,  Department of Mathematics &amp; Applied Mathematics, University of Cape Town,  Private Bag, Rondebosch 7701, South Africa</subfield>
    <subfield code="w">South Africa</subfield>
  </datafield>
  <datafield tag="700" ind1=" " ind2=" ">
    <subfield code="a">Sasaki, Misao</subfield>
    <subfield code="v">Yukawa Institute for Theoretical Physics, Kyoto University,  Kyoto 606-8502, Japan</subfield>
    <subfield code="w">Japan</subfield>
  </datafield>
  <datafield tag="700" ind1=" " ind2=" ">
    <subfield code="a">Soda, Jiro</subfield>
    <subfield code="v">Department of Physics, Kobe University,  Kobe 657-8501, Japan</subfield>
    <subfield code="w">Japan</subfield>
  </datafield>
  <datafield tag="700" ind1=" " ind2=" ">
    <subfield code="a">Tanaka, Takahiro</subfield>
    <subfield code="v">Yukawa Institute for Theoretical Physics, Kyoto University,  Kyoto 606-8502, Japan</subfield>
    <subfield code="v">Department of Physics, Kyoto University,  Kyoto 606-8502, Japan</subfield>
    <subfield code="w">Japan</subfield>
  </datafield>
  <datafield tag="700" ind1=" " ind2=" ">
    <subfield code="a">Vilenkin, Alexander</subfield>
    <subfield code="v">Institute of Cosmology, Department of Physics and Astronomy,   Tufts University, Medford, Massachusetts 02155, U.S.A.</subfield>
    <subfield code="w">USA</subfield>
  </datafield>
  <datafield tag="856" ind1="4" ind2=" ">
    <subfield code="s">115808</subfield>
    <subfield code="u">http://repo.scoap3.org/record/1947/files/fulltext.xml</subfield>
  </datafield>
  <datafield tag="856" ind1="4" ind2=" ">
    <subfield code="s">1434757</subfield>
    <subfield code="u">http://repo.scoap3.org/record/1947/files/fulltext.pdf</subfield>
  </datafield>
  <datafield tag="909" ind1="C" ind2="O">
    <subfield code="o">oai:repo.scoap3.org:1947</subfield>
    <subfield code="p">GLOBAL_SET</subfield>
    <subfield code="p">JOURNAL_OF_COSMOLOGY_AND_ASTROPARTICLE_PHYSICS</subfield>
  </datafield>
  <datafield tag="980" ind1=" " ind2=" ">
    <subfield code="a">SCOAP3</subfield>
    <subfield code="b">IOP</subfield>
  </datafield>
</record>