
<record>
  <controlfield tag="001">1845</controlfield>
  <controlfield tag="005">20150408142746.0</controlfield>
  <datafield tag="022" ind1=" " ind2=" ">
    <subfield code="a">1475-7516</subfield>
  </datafield>
  <datafield tag="024" ind1="7" ind2=" ">
    <subfield code="2">DOI</subfield>
    <subfield code="a">10.1088/1475-7516/2014/04/002</subfield>
    <subfield code="t">2014-04-04T08:05:07Z</subfield>
  </datafield>
  <datafield tag="035" ind1=" " ind2=" ">
    <subfield code="9">INSPIRE</subfield>
    <subfield code="a">1268763</subfield>
  </datafield>
  <datafield tag="037" ind1=" " ind2=" ">
    <subfield code="9">arXiv</subfield>
    <subfield code="a">arXiv:1312.3006</subfield>
  </datafield>
  <datafield tag="100" ind1=" " ind2=" ">
    <subfield code="a">Underwood, Bret</subfield>
    <subfield code="v">Department of Physics, Pacific Lutheran University, 12180 Park Ave S, Tacoma, WA, 98447 USA</subfield>
    <subfield code="w">USA</subfield>
  </datafield>
  <datafield tag="245" ind1=" " ind2=" ">
    <subfield code="a">Non-linear resonance in relativistic preheating</subfield>
  </datafield>
  <datafield tag="260" ind1=" " ind2=" ">
    <subfield code="b">Institute of Physics Publishing/SISSA</subfield>
    <subfield code="c">2014-04-01</subfield>
  </datafield>
  <datafield tag="520" ind1=" " ind2=" ">
    <subfield code="a">Inflation in the early Universe can be followed by a brief period of preheating, resulting in rapid and non-equilibrium particle production through the dynamics of parametric resonance. However, the parametric resonance effect is very sensitive to the linearity of the reheating sector. Additional self-interactions in the reheating sector, such as non-canonical kinetic terms like the DBI Lagrangian, may enhance or frustrate the parametric resonance effect of preheating. In the case of a DBI reheating sector, preheating is described by parametric resonance of a damped relativistic harmonic oscillator. In this paper, we illustrate how the non-linear terms in the relativistic oscillator shut down the parametric resonance effect. This limits the effectiveness of preheating when there are non-linear self-interactions.</subfield>
  </datafield>
  <datafield tag="540" ind1=" " ind2=" ">
    <subfield code="a">CC-BY-3.0</subfield>
    <subfield code="u">http://creativecommons.org/licenses/by/3.0/</subfield>
  </datafield>
  <datafield tag="591" ind1=" " ind2=" ">
    <subfield code="a">CC:1</subfield>
  </datafield>
  <datafield tag="591" ind1=" " ind2=" ">
    <subfield code="a">Authors:1</subfield>
  </datafield>
  <datafield tag="591" ind1=" " ind2=" ">
    <subfield code="a">SCOAP3:1</subfield>
  </datafield>
  <datafield tag="591" ind1=" " ind2=" ">
    <subfield code="a">Category:1</subfield>
  </datafield>
  <datafield tag="653" ind1="1" ind2=" ">
    <subfield code="9">author</subfield>
    <subfield code="a">inflation</subfield>
  </datafield>
  <datafield tag="653" ind1="1" ind2=" ">
    <subfield code="9">author</subfield>
    <subfield code="a">physics of the early universe</subfield>
  </datafield>
  <datafield tag="700" ind1=" " ind2=" ">
    <subfield code="a">Zhai, Yunxiao</subfield>
    <subfield code="v">Department of Physics, Pacific Lutheran University, 12180 Park Ave S, Tacoma, WA, 98447 USA</subfield>
    <subfield code="w">USA</subfield>
  </datafield>
  <datafield tag="773" ind1=" " ind2=" ">
    <subfield code="c">002</subfield>
    <subfield code="n">04</subfield>
    <subfield code="p">JCAP</subfield>
    <subfield code="v">1404</subfield>
    <subfield code="y">2014</subfield>
  </datafield>
  <datafield tag="856" ind1="4" ind2=" ">
    <subfield code="s">2060238</subfield>
    <subfield code="u">http://repo.scoap3.org/record/1845/files/fulltext.pdf</subfield>
  </datafield>
  <datafield tag="856" ind1="4" ind2=" ">
    <subfield code="s">60642</subfield>
    <subfield code="u">http://repo.scoap3.org/record/1845/files/fulltext.xml</subfield>
  </datafield>
  <datafield tag="909" ind1="C" ind2="O">
    <subfield code="o">oai:repo.scoap3.org:1845</subfield>
    <subfield code="p">GLOBAL_SET</subfield>
    <subfield code="p">JOURNAL_OF_COSMOLOGY_AND_ASTROPARTICLE_PHYSICS</subfield>
  </datafield>
  <datafield tag="980" ind1=" " ind2=" ">
    <subfield code="a">SCOAP3</subfield>
    <subfield code="b">IOP</subfield>
  </datafield>
</record>