
<record>
  <controlfield tag="001">1844</controlfield>
  <controlfield tag="005">20150408142746.0</controlfield>
  <datafield tag="022" ind1=" " ind2=" ">
    <subfield code="a">1475-7516</subfield>
  </datafield>
  <datafield tag="024" ind1="7" ind2=" ">
    <subfield code="a">10.1088/1475-7516/2014/04/005</subfield>
    <subfield code="2">DOI</subfield>
    <subfield code="t">2014-04-04T08:05:07Z</subfield>
  </datafield>
  <datafield tag="035" ind1=" " ind2=" ">
    <subfield code="a">1253056</subfield>
    <subfield code="9">INSPIRE</subfield>
  </datafield>
  <datafield tag="037" ind1=" " ind2=" ">
    <subfield code="a">arXiv:1309.1487</subfield>
    <subfield code="9">arXiv</subfield>
  </datafield>
  <datafield tag="100" ind1=" " ind2=" ">
    <subfield code="a">Pourhasan, Razieh</subfield>
    <subfield code="v">Department of Physics &amp; Astronomy, University of Waterloo, 200 University Ave. W., Waterloo, Ontario, N2L 3G1 Canada</subfield>
    <subfield code="v">Perimeter Institute for Theoretical Physics, 31 Caroline St. N., Waterloo, ON, N2L 2Y5 Canada</subfield>
    <subfield code="w">Canada</subfield>
  </datafield>
  <datafield tag="773" ind1=" " ind2=" ">
    <subfield code="p">JCAP</subfield>
    <subfield code="v">1404</subfield>
    <subfield code="n">04</subfield>
    <subfield code="c">005</subfield>
    <subfield code="y">2014</subfield>
  </datafield>
  <datafield tag="245" ind1=" " ind2=" ">
    <subfield code="a">
Out of the white hole: a holographic origin for the Big Bang</subfield>
  </datafield>
  <datafield tag="260" ind1=" " ind2=" ">
    <subfield code="c">2014-04-01</subfield>
    <subfield code="b">Institute of Physics Publishing/SISSA</subfield>
  </datafield>
  <datafield tag="520" ind1=" " ind2=" ">
    <subfield code="a">While most of the singularities of General Relativity
are expected to be safely hidden behind event horizons by the
cosmic censorship conjecture, we happen to live in the causal
future of the classical Big Bang singularity, whose
resolution constitutes the active field of early universe
cosmology. Could the Big Bang be also hidden behind a causal
horizon, making us immune to the decadent impacts of a naked
singularity? We describe a braneworld description of cosmology
with both 4d induced and 5D bulk gravity (otherwise known as
Dvali-Gabadadze-Porati, or DGP model), which exhibits this
feature: the universe emerges as a spherical 3-brane out of the
formation of a 5D Schwarzschild black hole.  In particular, we
show that a pressure singularity of the holographic fluid,
discovered earlier, happens inside the white hole horizon, and
thus need not be real or imply any pathology. Furthermore, we
outline a novel mechanism through which any thermal atmosphere for
the brane, with comoving temperature of ∼20% of the 5D
Planck mass can induce   scale-invariant primordial curvature
perturbations on the brane, circumventing the need for a separate
process (such as cosmic inflation) to explain current cosmological
observations. Finally, we note that 5D space-time is
asymptotically flat, and thus potentially allows an S-matrix or
(after minor modifications) an AdS/CFT description of the
cosmological Big Bang.</subfield>
  </datafield>
  <datafield tag="540" ind1=" " ind2=" ">
    <subfield code="a">CC-BY-3.0</subfield>
    <subfield code="u">http://creativecommons.org/licenses/by/3.0/</subfield>
  </datafield>
  <datafield tag="542" ind1=" " ind2=" ">
    <subfield code="f"></subfield>
  </datafield>
  <datafield tag="590" ind1=" " ind2=" ">
  </datafield>
  <datafield tag="590" ind1=" " ind2=" ">
  </datafield>
  <datafield tag="590" ind1=" " ind2=" ">
  </datafield>
  <datafield tag="591" ind1=" " ind2=" ">
    <subfield code="a">CC:1</subfield>
  </datafield>
  <datafield tag="591" ind1=" " ind2=" ">
    <subfield code="a">Authors:0</subfield>
  </datafield>
  <datafield tag="591" ind1=" " ind2=" ">
    <subfield code="a">SCOAP3:1</subfield>
  </datafield>
  <datafield tag="591" ind1=" " ind2=" ">
    <subfield code="a">Category:1</subfield>
  </datafield>
  <datafield tag="653" ind1="1" ind2=" ">
    <subfield code="a">big bang nucleosynthesis</subfield>
    <subfield code="9">author</subfield>
  </datafield>
  <datafield tag="653" ind1="1" ind2=" ">
    <subfield code="a">cosmology with extra dimensions</subfield>
    <subfield code="9">author</subfield>
  </datafield>
  <datafield tag="653" ind1="1" ind2=" ">
    <subfield code="a">physics of the early universe</subfield>
    <subfield code="9">author</subfield>
  </datafield>
  <datafield tag="653" ind1="1" ind2=" ">
    <subfield code="a">gravity</subfield>
    <subfield code="9">author</subfield>
  </datafield>
  <datafield tag="700" ind1=" " ind2=" ">
    <subfield code="a">Afshordi, Niayesh</subfield>
    <subfield code="v">Department of Physics &amp; Astronomy, University of Waterloo, 200 University Ave. W., Waterloo, Ontario, N2L 3G1 Canada</subfield>
    <subfield code="v">Perimeter Institute for Theoretical Physics, 31 Caroline St. N., Waterloo, ON, N2L 2Y5 Canada</subfield>
    <subfield code="w">Canada</subfield>
  </datafield>
  <datafield tag="700" ind1=" " ind2=" ">
    <subfield code="a">Mann, Robert B.</subfield>
    <subfield code="v">Department of Physics &amp; Astronomy, University of Waterloo, 200 University Ave. W., Waterloo, Ontario, N2L 3G1 Canada</subfield>
    <subfield code="v">Perimeter Institute for Theoretical Physics, 31 Caroline St. N., Waterloo, ON, N2L 2Y5 Canada</subfield>
    <subfield code="w">Canada</subfield>
  </datafield>
  <datafield tag="856" ind1="4" ind2=" ">
    <subfield code="s">58120</subfield>
    <subfield code="u">http://repo.scoap3.org/record/1844/files/fulltext.xml</subfield>
  </datafield>
  <datafield tag="856" ind1="4" ind2=" ">
    <subfield code="s">869937</subfield>
    <subfield code="u">http://repo.scoap3.org/record/1844/files/fulltext.pdf</subfield>
  </datafield>
  <datafield tag="909" ind1="C" ind2="O">
    <subfield code="o">oai:repo.scoap3.org:1844</subfield>
    <subfield code="p">GLOBAL_SET</subfield>
    <subfield code="p">JOURNAL_OF_COSMOLOGY_AND_ASTROPARTICLE_PHYSICS</subfield>
  </datafield>
  <datafield tag="980" ind1=" " ind2=" ">
    <subfield code="a">SCOAP3</subfield>
    <subfield code="b">IOP</subfield>
  </datafield>
</record>