
<record>
  <controlfield tag="001">1787</controlfield>
  <controlfield tag="005">20151125144447.0</controlfield>
  <datafield tag="022" ind1=" " ind2=" ">
    <subfield code="a">1475-7516</subfield>
  </datafield>
  <datafield tag="024" ind1="7" ind2=" ">
    <subfield code="a">10.1088/1475-7516/2014/03/053</subfield>
    <subfield code="2">DOI</subfield>
    <subfield code="t">2014-03-29T06:02:17Z</subfield>
  </datafield>
  <datafield tag="035" ind1=" " ind2=" ">
    <subfield code="a">1273537</subfield>
    <subfield code="9">INSPIRE</subfield>
  </datafield>
  <datafield tag="037" ind1=" " ind2=" ">
    <subfield code="a">arXiv:1312.6408</subfield>
    <subfield code="9">arXiv</subfield>
  </datafield>
  <datafield tag="100" ind1=" " ind2=" ">
    <subfield code="a">Baratella, Pietro</subfield>
    <subfield code="v">Scuola Normale Superiore and INFN, Piazza dei Cavalieri 7, Pisa, 56126 Italy</subfield>
    <subfield code="w">Italy</subfield>
  </datafield>
  <datafield tag="773" ind1=" " ind2=" ">
    <subfield code="p">JCAP</subfield>
    <subfield code="v">1403</subfield>
    <subfield code="n">03</subfield>
    <subfield code="c">053</subfield>
    <subfield code="y">2014</subfield>
  </datafield>
  <datafield tag="245" ind1=" " ind2=" ">
    <subfield code="a">
 PPPC 4 DMν: a Poor Particle Physicist Cookbook for Neutrinos from Dark Matter annihilations in the Sun</subfield>
  </datafield>
  <datafield tag="260" ind1=" " ind2=" ">
    <subfield code="c">2014-03-01</subfield>
    <subfield code="b">Institute of Physics Publishing/SISSA</subfield>
  </datafield>
  <datafield tag="520" ind1=" " ind2=" ">
    <subfield code="a">
We provide ingredients and recipes for computing neutrino signals of TeV-scale Dark Matter (DM) annihilations in the Sun.
For each annihilation channel and DM mass we present the energy spectra of neutrinos at production, including:  state-of-the-art energy losses of primary particles in solar matter, secondary neutrinos, electroweak radiation.
We then present the spectra after propagation to the Earth, including (vacuum and matter) flavor oscillations and interactions in solar matter. 
We also provide a numerical computation of the capture rate of DM particles in the Sun.
These results are available in numerical form.</subfield>
  </datafield>
  <datafield tag="540" ind1=" " ind2=" ">
    <subfield code="a">CC-BY-3.0</subfield>
    <subfield code="u">http://creativecommons.org/licenses/by/3.0/</subfield>
  </datafield>
  <datafield tag="542" ind1=" " ind2=" ">
    <subfield code="f"></subfield>
  </datafield>
  <datafield tag="590" ind1=" " ind2=" ">
  </datafield>
  <datafield tag="590" ind1=" " ind2=" ">
  </datafield>
  <datafield tag="590" ind1=" " ind2=" ">
  </datafield>
  <datafield tag="591" ind1=" " ind2=" ">
    <subfield code="a">CC:1</subfield>
  </datafield>
  <datafield tag="591" ind1=" " ind2=" ">
    <subfield code="a">Authors:1</subfield>
  </datafield>
  <datafield tag="591" ind1=" " ind2=" ">
    <subfield code="a">SCOAP3:1</subfield>
  </datafield>
  <datafield tag="591" ind1=" " ind2=" ">
    <subfield code="a">Category:1</subfield>
  </datafield>
  <datafield tag="653" ind1="1" ind2=" ">
    <subfield code="a">ultra high energy photons and neutrinos</subfield>
    <subfield code="9">author</subfield>
  </datafield>
  <datafield tag="653" ind1="1" ind2=" ">
    <subfield code="a">dark matter theory</subfield>
    <subfield code="9">author</subfield>
  </datafield>
  <datafield tag="700" ind1=" " ind2=" ">
    <subfield code="a">Cirelli, Marco</subfield>
    <subfield code="v">Institut de Physique Théorique, CNRS URA 2306 &amp; CEA-Saclay, Gif-sur-Yvette, 91191 France</subfield>
    <subfield code="w">France</subfield>
  </datafield>
  <datafield tag="700" ind1=" " ind2=" ">
    <subfield code="a">Hektor, Andi</subfield>
    <subfield code="v">National Institute of Chemical Physics and Biophysics, Ravala 10, Tallinn, Estonia</subfield>
    <subfield code="v">Helsinki Institute of Physics, P.O. Box 64, Helsinki, FI-00014 Finland</subfield>
    <subfield code="w">Finland</subfield>
    <subfield code="w">Estonia</subfield>
  </datafield>
  <datafield tag="700" ind1=" " ind2=" ">
    <subfield code="a">Pata, Joosep</subfield>
    <subfield code="v">National Institute of Chemical Physics and Biophysics, Ravala 10, Tallinn, Estonia</subfield>
    <subfield code="w">Estonia</subfield>
  </datafield>
  <datafield tag="700" ind1=" " ind2=" ">
    <subfield code="a">Piibeleht, Morten</subfield>
    <subfield code="v">National Institute of Chemical Physics and Biophysics, Ravala 10, Tallinn, Estonia</subfield>
    <subfield code="w">Estonia</subfield>
  </datafield>
  <datafield tag="700" ind1=" " ind2=" ">
    <subfield code="a">Strumia, Alessandro</subfield>
    <subfield code="v">National Institute of Chemical Physics and Biophysics, Ravala 10, Tallinn, Estonia</subfield>
    <subfield code="v">Dipartimento di Fisica dell'Universitá di Pisa and INFN, Largo Buonarroti 2, Pisa, Italy</subfield>
    <subfield code="w">Italy</subfield>
    <subfield code="w">Estonia</subfield>
  </datafield>
  <datafield tag="856" ind1="4" ind2=" ">
    <subfield code="s">5633633</subfield>
    <subfield code="u">http://repo.scoap3.org/record/1787/files/fulltext.pdf</subfield>
  </datafield>
  <datafield tag="856" ind1="4" ind2=" ">
    <subfield code="s">83690</subfield>
    <subfield code="u">http://repo.scoap3.org/record/1787/files/fulltext.xml</subfield>
  </datafield>
  <datafield tag="909" ind1="C" ind2="O">
    <subfield code="o">oai:repo.scoap3.org:1787</subfield>
    <subfield code="p">GLOBAL_SET</subfield>
    <subfield code="p">JOURNAL_OF_COSMOLOGY_AND_ASTROPARTICLE_PHYSICS</subfield>
  </datafield>
  <datafield tag="980" ind1=" " ind2=" ">
    <subfield code="a">SCOAP3</subfield>
    <subfield code="b">IOP</subfield>
  </datafield>
</record>