
<record>
  <controlfield tag="001">1712</controlfield>
  <controlfield tag="005">20150408142736.0</controlfield>
  <datafield tag="022" ind1=" " ind2=" ">
    <subfield code="a">1475-7516</subfield>
  </datafield>
  <datafield tag="024" ind1="7" ind2=" ">
    <subfield code="a">10.1088/1475-7516/2014/03/043</subfield>
    <subfield code="2">DOI</subfield>
    <subfield code="t">2014-03-25T17:19:12Z</subfield>
  </datafield>
  <datafield tag="035" ind1=" " ind2=" ">
    <subfield code="a">1275861</subfield>
    <subfield code="9">INSPIRE</subfield>
  </datafield>
  <datafield tag="037" ind1=" " ind2=" ">
    <subfield code="a">arXiv:1401.0497</subfield>
    <subfield code="9">arXiv</subfield>
  </datafield>
  <datafield tag="100" ind1=" " ind2=" ">
    <subfield code="a">Renaux-Petel, Sébastien</subfield>
    <subfield code="v">Laboratoire de Physique Théorique et Hautes Energies, Université  Pierre &amp; Marie Curie - Paris VI, CNRS-UMR 7589, 4 place Jussieu, Paris, 75252 France</subfield>
    <subfield code="v">Sorbonne Universités, Institut Lagrange de Paris, 98 bis Bd Arago, 75014 Paris, France</subfield>
    <subfield code="w">France</subfield>
  </datafield>
  <datafield tag="245" ind1=" " ind2=" ">
    <subfield code="a">
On the Vainshtein mechanism in the minimal model of massive gravity</subfield>
  </datafield>
  <datafield tag="260" ind1=" " ind2=" ">
    <subfield code="c">2014-03-01</subfield>
    <subfield code="b">Institute of Physics Publishing/SISSA</subfield>
  </datafield>
  <datafield tag="520" ind1=" " ind2=" ">
    <subfield code="a">We reinvestigate the fate of the Vainhstein mechanism in the minimal model of dRGT massive gravity. As the latter is characterised by the complete absence of interactions in the decoupling limit, we study their structure at higher energies. We show that in static spherically symmetric configurations, the lowest energy scale of interactions is pushed up to the Planck mass. This fact points towards an absence of Vainshtein mechanism in this framework, but does not prove it. By resorting to the exact vacuum equations of motion, we show that there is indeed an obstruction that precludes any recovery of General Relativity under the conditions of stationarity and spherical symmetry. However, we argue that the latter are too restrictive and might miss some important physical phenomena. Indeed, we point out
that in generic non spherically symmetric or time-dependent situations, interactions arising at energies arbitrarily close to the energy scale of the decoupling limit reappear. This leads us to question whether the small degree of spherical symmetry breaking in the solar system can be sufficient to give rise to a successful Vainshtein mechanism.</subfield>
  </datafield>
  <datafield tag="540" ind1=" " ind2=" ">
    <subfield code="a">CC-BY-3.0</subfield>
    <subfield code="u">http://creativecommons.org/licenses/by/3.0/</subfield>
  </datafield>
  <datafield tag="542" ind1=" " ind2=" ">
    <subfield code="f"></subfield>
  </datafield>
  <datafield tag="590" ind1=" " ind2=" ">
  </datafield>
  <datafield tag="590" ind1=" " ind2=" ">
  </datafield>
  <datafield tag="590" ind1=" " ind2=" ">
  </datafield>
  <datafield tag="591" ind1=" " ind2=" ">
    <subfield code="a">CC:1</subfield>
  </datafield>
  <datafield tag="591" ind1=" " ind2=" ">
    <subfield code="a">Authors:1</subfield>
  </datafield>
  <datafield tag="591" ind1=" " ind2=" ">
    <subfield code="a">SCOAP3:1</subfield>
  </datafield>
  <datafield tag="591" ind1=" " ind2=" ">
    <subfield code="a">Category:1</subfield>
  </datafield>
  <datafield tag="653" ind1="1" ind2=" ">
    <subfield code="a">dark energy theory</subfield>
    <subfield code="9">author</subfield>
  </datafield>
  <datafield tag="653" ind1="1" ind2=" ">
    <subfield code="a">modified gravity</subfield>
    <subfield code="9">author</subfield>
  </datafield>
  <datafield tag="773" ind1=" " ind2=" ">
    <subfield code="p">JCAP</subfield>
    <subfield code="v">1403</subfield>
    <subfield code="n">03</subfield>
    <subfield code="c">043</subfield>
    <subfield code="y">2014</subfield>
  </datafield>
  <datafield tag="856" ind1="4" ind2=" ">
    <subfield code="s">272515</subfield>
    <subfield code="u">http://repo.scoap3.org/record/1712/files/fulltext.pdf</subfield>
  </datafield>
  <datafield tag="856" ind1="4" ind2=" ">
    <subfield code="s">55309</subfield>
    <subfield code="u">http://repo.scoap3.org/record/1712/files/fulltext.xml</subfield>
  </datafield>
  <datafield tag="909" ind1="C" ind2="O">
    <subfield code="o">oai:repo.scoap3.org:1712</subfield>
    <subfield code="p">GLOBAL_SET</subfield>
    <subfield code="p">JOURNAL_OF_COSMOLOGY_AND_ASTROPARTICLE_PHYSICS</subfield>
  </datafield>
  <datafield tag="980" ind1=" " ind2=" ">
    <subfield code="a">SCOAP3</subfield>
    <subfield code="b">IOP</subfield>
  </datafield>
</record>