
<record>
  <controlfield tag="001">1664</controlfield>
  <controlfield tag="005">20150408142730.0</controlfield>
  <datafield tag="022" ind1=" " ind2=" ">
    <subfield code="a">1475-7516</subfield>
  </datafield>
  <datafield tag="024" ind1="7" ind2=" ">
    <subfield code="a">10.1088/1475-7516/2014/03/030</subfield>
    <subfield code="2">DOI</subfield>
    <subfield code="t">2014-03-19T05:49:31Z</subfield>
  </datafield>
  <datafield tag="035" ind1=" " ind2=" ">
    <subfield code="a">1267615</subfield>
    <subfield code="9">INSPIRE</subfield>
  </datafield>
  <datafield tag="037" ind1=" " ind2=" ">
    <subfield code="a">arXiv:1312.1357</subfield>
    <subfield code="9">arXiv</subfield>
  </datafield>
  <datafield tag="100" ind1=" " ind2=" ">
    <subfield code="a">Wainwright, Carroll L.</subfield>
    <subfield code="v">SCIPP and Department of Physics, University of California,   Santa Cruz, CA, 95064, U.S.A.</subfield>
    <subfield code="w">USA</subfield>
  </datafield>
  <datafield tag="773" ind1=" " ind2=" ">
    <subfield code="p">JCAP</subfield>
    <subfield code="v">1403</subfield>
    <subfield code="n">03</subfield>
    <subfield code="c">030</subfield>
    <subfield code="y">2014</subfield>
  </datafield>
  <datafield tag="245" ind1=" " ind2=" ">
    <subfield code="a">
Simulating the universe(s): from cosmic bubble collisions to cosmological observables with numerical relativity</subfield>
  </datafield>
  <datafield tag="260" ind1=" " ind2=" ">
    <subfield code="c">2014-03-01</subfield>
    <subfield code="b">Institute of Physics Publishing/SISSA</subfield>
  </datafield>
  <datafield tag="520" ind1=" " ind2=" ">
    <subfield code="a">
The theory of eternal inflation in an inflaton potential
  with multiple vacua predicts that our universe is one of many bubble
  universes nucleating and growing inside an ever-expanding false
  vacuum. The collision of our bubble with another could provide an
  important observational signature to test this scenario. We develop
  and implement an algorithm for accurately computing the cosmological
  observables arising from bubble collisions directly from the
  Lagrangian of a single scalar field. We first simulate the collision
  spacetime by solving Einstein's equations, starting from nucleation
  and ending at reheating.  Taking advantage of the collision's
  hyperbolic symmetry, the simulations are performed with a
  1+1-dimensional fully relativistic code that uses adaptive mesh
  refinement. We then calculate the comoving curvature perturbation in
  an open Friedmann-Robertson-Walker universe, which is used to
  determine the temperature anisotropies of the cosmic microwave
  background radiation. For a fiducial Lagrangian, the anisotropies
  are well described by a power law in the cosine of the angular
  distance from the center of the collision signature. For a given
  form of the Lagrangian, the resulting observational predictions are
  inherently statistical due to stochastic elements of the bubble
  nucleation process. Further uncertainties arise due to our imperfect
  knowledge about inflationary and pre-recombination physics. We
  characterize observational predictions by computing the probability
  distributions over four phenomenological parameters which capture
  these intrinsic and model uncertainties. This represents the first
  fully-relativistic set of predictions from an ensemble of scalar
  field models giving rise to eternal inflation, yielding significant
  differences from previous non-relativistic approximations. Thus, our
  results provide a basis for a rigorous confrontation of these
  theories with cosmological data.</subfield>
  </datafield>
  <datafield tag="540" ind1=" " ind2=" ">
    <subfield code="a">CC-BY-3.0</subfield>
    <subfield code="u">http://creativecommons.org/licenses/by/3.0/</subfield>
  </datafield>
  <datafield tag="542" ind1=" " ind2=" ">
    <subfield code="f"></subfield>
  </datafield>
  <datafield tag="590" ind1=" " ind2=" ">
  </datafield>
  <datafield tag="590" ind1=" " ind2=" ">
  </datafield>
  <datafield tag="590" ind1=" " ind2=" ">
  </datafield>
  <datafield tag="591" ind1=" " ind2=" ">
    <subfield code="a">CC:1</subfield>
  </datafield>
  <datafield tag="591" ind1=" " ind2=" ">
    <subfield code="a">Authors:1</subfield>
  </datafield>
  <datafield tag="591" ind1=" " ind2=" ">
    <subfield code="a">SCOAP3:1</subfield>
  </datafield>
  <datafield tag="591" ind1=" " ind2=" ">
    <subfield code="a">Category:1</subfield>
  </datafield>
  <datafield tag="653" ind1="1" ind2=" ">
    <subfield code="a">cosmological perturbation theory</subfield>
    <subfield code="9">author</subfield>
  </datafield>
  <datafield tag="653" ind1="1" ind2=" ">
    <subfield code="a">inflation</subfield>
    <subfield code="9">author</subfield>
  </datafield>
  <datafield tag="653" ind1="1" ind2=" ">
    <subfield code="a">initial conditions and eternal universe</subfield>
    <subfield code="9">author</subfield>
  </datafield>
  <datafield tag="700" ind1=" " ind2=" ">
    <subfield code="a">Johnson, Matthew C.</subfield>
    <subfield code="v">Department of Physics and Astronomy, York University,   Toronto, On, M3J 1P3, Canada</subfield>
    <subfield code="v">Perimeter Institute for Theoretical Physics,   Waterloo, Ontario N2L 2Y5, Canada</subfield>
    <subfield code="w">Canada</subfield>
  </datafield>
  <datafield tag="700" ind1=" " ind2=" ">
    <subfield code="a">Peiris, Hiranya V.</subfield>
    <subfield code="v">Department of Physics and Astronomy, University College London,   London WC1E 6BT, U.K.</subfield>
    <subfield code="w">UK</subfield>
  </datafield>
  <datafield tag="700" ind1=" " ind2=" ">
    <subfield code="a">Aguirre, Anthony</subfield>
    <subfield code="v">SCIPP and Department of Physics, University of California,   Santa Cruz, CA, 95064, U.S.A.</subfield>
    <subfield code="w">USA</subfield>
  </datafield>
  <datafield tag="700" ind1=" " ind2=" ">
    <subfield code="a">Lehner, Luis</subfield>
    <subfield code="v">Perimeter Institute for Theoretical Physics,   Waterloo, Ontario N2L 2Y5, Canada</subfield>
    <subfield code="w">Canada</subfield>
  </datafield>
  <datafield tag="700" ind1=" " ind2=" ">
    <subfield code="a">Liebling, Steven L.</subfield>
    <subfield code="v">Department of Physics, Long Island University,   Brookville, NY, 11548, U.S.A.</subfield>
    <subfield code="w">USA</subfield>
  </datafield>
  <datafield tag="856" ind1="4" ind2=" ">
    <subfield code="s">176195</subfield>
    <subfield code="u">http://repo.scoap3.org/record/1664/files/fulltext.xml</subfield>
  </datafield>
  <datafield tag="856" ind1="4" ind2=" ">
    <subfield code="s">2610079</subfield>
    <subfield code="u">http://repo.scoap3.org/record/1664/files/fulltext.pdf</subfield>
  </datafield>
  <datafield tag="909" ind1="C" ind2="O">
    <subfield code="o">oai:repo.scoap3.org:1664</subfield>
    <subfield code="p">GLOBAL_SET</subfield>
    <subfield code="p">JOURNAL_OF_COSMOLOGY_AND_ASTROPARTICLE_PHYSICS</subfield>
  </datafield>
  <datafield tag="980" ind1=" " ind2=" ">
    <subfield code="a">SCOAP3</subfield>
    <subfield code="b">IOP</subfield>
  </datafield>
</record>