
<record>
  <controlfield tag="001">1634</controlfield>
  <controlfield tag="005">20150408142725.0</controlfield>
  <datafield tag="022" ind1=" " ind2=" ">
    <subfield code="a">1475-7516</subfield>
  </datafield>
  <datafield tag="024" ind1="7" ind2=" ">
    <subfield code="a">10.1088/1475-7516/2014/03/028</subfield>
    <subfield code="2">DOI</subfield>
    <subfield code="t">2014-03-16T05:30:35Z</subfield>
  </datafield>
  <datafield tag="035" ind1=" " ind2=" ">
    <subfield code="a">1238948</subfield>
    <subfield code="9">INSPIRE</subfield>
  </datafield>
  <datafield tag="037" ind1=" " ind2=" ">
    <subfield code="a">arXiv:1306.3996</subfield>
    <subfield code="9">arXiv</subfield>
  </datafield>
  <datafield tag="100" ind1=" " ind2=" ">
    <subfield code="a">Merle, Alexander</subfield>
    <subfield code="v">Physics and Astronomy, University of Southampton,   Highfield, Southampton, SO17 1BJ, United Kingdom</subfield>
    <subfield code="w">UK</subfield>
  </datafield>
  <datafield tag="773" ind1=" " ind2=" ">
    <subfield code="p">JCAP</subfield>
    <subfield code="v">1403</subfield>
    <subfield code="n">03</subfield>
    <subfield code="c">028</subfield>
    <subfield code="y">2014</subfield>
  </datafield>
  <datafield tag="245" ind1=" " ind2=" ">
    <subfield code="a">
New production mechanism for keV sterile neutrino Dark Matter by decays of frozen-in scalars</subfield>
  </datafield>
  <datafield tag="260" ind1=" " ind2=" ">
    <subfield code="c">2014-03-01</subfield>
    <subfield code="b">Institute of Physics Publishing/SISSA</subfield>
  </datafield>
  <datafield tag="520" ind1=" " ind2=" ">
    <subfield code="a">We propose a new production mechanism for keV sterile
  neutrino Dark Matter. In our setting, we assume the existence of a
  scalar singlet particle which never entered thermal equilibrium in
  the early Universe, since it only couples to the Standard Model
  fields by a really small Higgs portal interaction. For suitable
  values of this coupling, the scalar can undergo the so-called
  freeze-in process, and in this way be efficiently produced in the
  early Universe. These scalars can then decay into keV sterile
  neutrinos and produce the correct Dark Matter abundance. While
  similar settings in which the scalar does enter thermal equilibrium
  and then freezes out have been studied previously, the mechanism
  proposed here is new and represents a versatile extension of the
  known case. We perform a detailed numerical calculation of the DM
  production using a set of coupled Boltzmann equations, and we
  illustrate the successful regions in the parameter space. Our
  production mechanism notably can even work in models where
  active-sterile mixing is completely absent.</subfield>
  </datafield>
  <datafield tag="540" ind1=" " ind2=" ">
    <subfield code="a">CC-BY-3.0</subfield>
    <subfield code="u">http://creativecommons.org/licenses/by/3.0/</subfield>
  </datafield>
  <datafield tag="542" ind1=" " ind2=" ">
    <subfield code="f"></subfield>
  </datafield>
  <datafield tag="590" ind1=" " ind2=" ">
  </datafield>
  <datafield tag="590" ind1=" " ind2=" ">
  </datafield>
  <datafield tag="590" ind1=" " ind2=" ">
  </datafield>
  <datafield tag="591" ind1=" " ind2=" ">
    <subfield code="a">CC:1</subfield>
  </datafield>
  <datafield tag="591" ind1=" " ind2=" ">
    <subfield code="a">Authors:1</subfield>
  </datafield>
  <datafield tag="591" ind1=" " ind2=" ">
    <subfield code="a">SCOAP3:1</subfield>
  </datafield>
  <datafield tag="591" ind1=" " ind2=" ">
    <subfield code="a">Category:1</subfield>
  </datafield>
  <datafield tag="653" ind1="1" ind2=" ">
    <subfield code="a">dark matter theory</subfield>
    <subfield code="9">author</subfield>
  </datafield>
  <datafield tag="653" ind1="1" ind2=" ">
    <subfield code="a">neutrino theory</subfield>
    <subfield code="9">author</subfield>
  </datafield>
  <datafield tag="700" ind1=" " ind2=" ">
    <subfield code="a">Niro, Viviana</subfield>
    <subfield code="v">Departament d'Estructura i Constituents de la Matèria  and Institut de Ciències del Cosmos,   Universitat de Barcelona, Diagonal 647, E-08028 Barcelona, Spain</subfield>
    <subfield code="w">Spain</subfield>
  </datafield>
  <datafield tag="700" ind1=" " ind2=" ">
    <subfield code="a">Schmidt, Daniel</subfield>
    <subfield code="v">Max-Planck-Institut für Kernphysik,   Saupfercheckweg 1, 69117 Heidelberg, Germany</subfield>
    <subfield code="w">Germany</subfield>
  </datafield>
  <datafield tag="856" ind1="4" ind2=" ">
    <subfield code="s">106031</subfield>
    <subfield code="u">http://repo.scoap3.org/record/1634/files/fulltext.xml</subfield>
  </datafield>
  <datafield tag="856" ind1="4" ind2=" ">
    <subfield code="s">551277</subfield>
    <subfield code="u">http://repo.scoap3.org/record/1634/files/fulltext.pdf</subfield>
  </datafield>
  <datafield tag="909" ind1="C" ind2="O">
    <subfield code="o">oai:repo.scoap3.org:1634</subfield>
    <subfield code="p">GLOBAL_SET</subfield>
    <subfield code="p">JOURNAL_OF_COSMOLOGY_AND_ASTROPARTICLE_PHYSICS</subfield>
  </datafield>
  <datafield tag="980" ind1=" " ind2=" ">
    <subfield code="a">SCOAP3</subfield>
    <subfield code="b">IOP</subfield>
  </datafield>
</record>