
<record>
  <controlfield tag="001">1598</controlfield>
  <controlfield tag="005">20151125144335.0</controlfield>
  <datafield tag="022" ind1=" " ind2=" ">
    <subfield code="a">1475-7516</subfield>
  </datafield>
  <datafield tag="024" ind1="7" ind2=" ">
    <subfield code="a">10.1088/1475-7516/2014/03/020</subfield>
    <subfield code="2">DOI</subfield>
    <subfield code="t">2014-03-14T05:20:12Z</subfield>
  </datafield>
  <datafield tag="035" ind1=" " ind2=" ">
    <subfield code="a">1268372</subfield>
    <subfield code="9">INSPIRE</subfield>
  </datafield>
  <datafield tag="037" ind1=" " ind2=" ">
    <subfield code="a">arXiv:1312.2284</subfield>
    <subfield code="9">arXiv</subfield>
  </datafield>
  <datafield tag="100" ind1=" " ind2=" ">
    <subfield code="a">Ashoorioon, Amjad</subfield>
    <subfield code="v">Physics Department, Lancaster University,   Lancaster, LA1 4YB, United Kingdom</subfield>
    <subfield code="w">UK</subfield>
  </datafield>
  <datafield tag="773" ind1=" " ind2=" ">
    <subfield code="p">JCAP</subfield>
    <subfield code="v">1403</subfield>
    <subfield code="n">03</subfield>
    <subfield code="c">020</subfield>
    <subfield code="y">2014</subfield>
  </datafield>
  <datafield tag="245" ind1=" " ind2=" ">
    <subfield code="a">
Gravitational waves from preheating in M-flation</subfield>
  </datafield>
  <datafield tag="260" ind1=" " ind2=" ">
    <subfield code="c">2014-03-01</subfield>
    <subfield code="b">Institute of Physics Publishing/SISSA</subfield>
  </datafield>
  <datafield tag="520" ind1=" " ind2=" ">
    <subfield code="a">
Matrix inflation, or M-flation, is a string theory motivated
  inflationary model with three scalar field matrices and gauge fields
  in the adjoint representation of the U(N) gauge
  group. One of these 3N2 scalars appears as the effective inflaton
  while the rest of the fields (scalar and gauge fields) can play the
  role of isocurvature fields during inflation and preheat fields
  afterwards. There is a region in parameter space and initial field
  values, ``the hilltop region,'' where predictions of the model are
  quite compatible with the recent Planck data.  We show that
  in this hilltop region, if the inflaton ends up in the
  supersymmetric vacuum, the model can have an embedded preheating
  mechanism.
Couplings of the preheat modes are related to the inflaton self-couplings and therefore are known from the CMB data. Through lattice simulations performed
using a symplectic integrator, we numerically compute the power spectra
of gravitational waves produced during the preheating stage following
M-flation.  The preliminary numerical simulation of the spectrum from multi-preheat fields peaks in the GHz band with  an amplitude Ωgwh2∝10−16, suggesting that the model has concrete predictions
for the ultra-high frequency gravity-wave probes. This signature could be used to distinguish the model from rival inflationary models.</subfield>
  </datafield>
  <datafield tag="540" ind1=" " ind2=" ">
    <subfield code="a">CC-BY-3.0</subfield>
    <subfield code="u">http://creativecommons.org/licenses/by/3.0/</subfield>
  </datafield>
  <datafield tag="542" ind1=" " ind2=" ">
    <subfield code="f"></subfield>
  </datafield>
  <datafield tag="590" ind1=" " ind2=" ">
  </datafield>
  <datafield tag="590" ind1=" " ind2=" ">
  </datafield>
  <datafield tag="590" ind1=" " ind2=" ">
  </datafield>
  <datafield tag="591" ind1=" " ind2=" ">
    <subfield code="a">CC:1</subfield>
  </datafield>
  <datafield tag="591" ind1=" " ind2=" ">
    <subfield code="a">Authors:1</subfield>
  </datafield>
  <datafield tag="591" ind1=" " ind2=" ">
    <subfield code="a">SCOAP3:1</subfield>
  </datafield>
  <datafield tag="591" ind1=" " ind2=" ">
    <subfield code="a">Category:1</subfield>
  </datafield>
  <datafield tag="653" ind1="1" ind2=" ">
    <subfield code="a">cosmology with extra dimensions</subfield>
    <subfield code="9">author</subfield>
  </datafield>
  <datafield tag="653" ind1="1" ind2=" ">
    <subfield code="a">string theory and cosmology</subfield>
    <subfield code="9">author</subfield>
  </datafield>
  <datafield tag="653" ind1="1" ind2=" ">
    <subfield code="a">inflation</subfield>
    <subfield code="9">author</subfield>
  </datafield>
  <datafield tag="653" ind1="1" ind2=" ">
    <subfield code="a">gravitational waves / theory</subfield>
    <subfield code="9">author</subfield>
  </datafield>
  <datafield tag="700" ind1=" " ind2=" ">
    <subfield code="a">Fung, Brandon</subfield>
    <subfield code="v">Department of Physics and Astronomy, University of Waterloo,   200 University Avenue, Waterloo, Ontario, N2L 3G1, Canada</subfield>
    <subfield code="w">Canada</subfield>
  </datafield>
  <datafield tag="700" ind1=" " ind2=" ">
    <subfield code="a">Mann, Robert B.</subfield>
    <subfield code="v">Department of Physics and Astronomy, University of Waterloo,   200 University Avenue, Waterloo, Ontario, N2L 3G1, Canada</subfield>
    <subfield code="v">Perimeter Institute for Theoretical Physics,  35 Caroline St., Waterloo, Ontario, N2L 2Y5, Canada</subfield>
    <subfield code="w">Canada</subfield>
  </datafield>
  <datafield tag="700" ind1=" " ind2=" ">
    <subfield code="a">Oltean, Marius</subfield>
    <subfield code="v">Department of Physics, McGill University,   Montréal, Québec, H3A 2T8, Canada</subfield>
    <subfield code="w">Canada</subfield>
  </datafield>
  <datafield tag="700" ind1=" " ind2=" ">
    <subfield code="a">Sheikh-Jabbari, M.M.</subfield>
    <subfield code="v">School of Physics, Institute for Research in Fundamental Sciences (IPM),  Tehran, Iran</subfield>
    <subfield code="v">Department of Physics, Kyung Hee University,   Seoul 130-701, Korea</subfield>
    <subfield code="w">South Korea</subfield>
    <subfield code="w">Iran</subfield>
  </datafield>
  <datafield tag="856" ind1="4" ind2=" ">
    <subfield code="s">586635</subfield>
    <subfield code="u">http://repo.scoap3.org/record/1598/files/fulltext.pdf</subfield>
  </datafield>
  <datafield tag="856" ind1="4" ind2=" ">
    <subfield code="s">79248</subfield>
    <subfield code="u">http://repo.scoap3.org/record/1598/files/fulltext.xml</subfield>
  </datafield>
  <datafield tag="909" ind1="C" ind2="O">
    <subfield code="o">oai:repo.scoap3.org:1598</subfield>
    <subfield code="p">GLOBAL_SET</subfield>
    <subfield code="p">JOURNAL_OF_COSMOLOGY_AND_ASTROPARTICLE_PHYSICS</subfield>
  </datafield>
  <datafield tag="980" ind1=" " ind2=" ">
    <subfield code="a">SCOAP3</subfield>
    <subfield code="b">IOP</subfield>
  </datafield>
</record>