
<record>
  <controlfield tag="001">1576</controlfield>
  <controlfield tag="005">20150408142719.0</controlfield>
  <datafield tag="022" ind1=" " ind2=" ">
    <subfield code="a">1475-7516</subfield>
  </datafield>
  <datafield tag="024" ind1="7" ind2=" ">
    <subfield code="a">10.1088/1475-7516/2014/03/015</subfield>
    <subfield code="2">DOI</subfield>
    <subfield code="t">2014-03-12T05:09:05Z</subfield>
  </datafield>
  <datafield tag="035" ind1=" " ind2=" ">
    <subfield code="a">1268305</subfield>
    <subfield code="9">INSPIRE</subfield>
  </datafield>
  <datafield tag="037" ind1=" " ind2=" ">
    <subfield code="a">arXiv:1312.2524</subfield>
    <subfield code="9">arXiv</subfield>
  </datafield>
  <datafield tag="100" ind1=" " ind2=" ">
    <subfield code="a">Brandenberger, Robert H.</subfield>
    <subfield code="v">Department of Physics, McGill University,   Montréal, QC, H3A 2T8, Canada</subfield>
    <subfield code="w">Canada</subfield>
  </datafield>
  <datafield tag="773" ind1=" " ind2=" ">
    <subfield code="p">JCAP</subfield>
    <subfield code="v">1403</subfield>
    <subfield code="n">03</subfield>
    <subfield code="c">015</subfield>
    <subfield code="y">2014</subfield>
  </datafield>
  <datafield tag="245" ind1=" " ind2=" ">
    <subfield code="a">
Cosmological perturbations across an S-brane</subfield>
  </datafield>
  <datafield tag="260" ind1=" " ind2=" ">
    <subfield code="c">2014-03-01</subfield>
    <subfield code="b">Institute of Physics Publishing/SISSA</subfield>
  </datafield>
  <datafield tag="520" ind1=" " ind2=" ">
    <subfield code="a">
Space-filling S-branes can mediate a transition between a
  contracting and an expanding universe in the Einstein
  frame. Following up on previous work that uncovered such bouncing
  solutions in the context of weakly coupled thermal configurations of
  a certain class of type II superstrings, we set up here the
  formalism in which we can study the evolution of metric fluctuations
  across such an S-brane. Our work shows that the specific nature of
  the S-brane, which is sourced by non-trivial massless thermal string
  states and appears when the universe reaches a maximal critical
  temperature, allows for a scale invariant spectrum of curvature
  fluctuations to manifest at late times via a stringy realization of
  the matter bounce scenario. The finite energy density at the
  transition from contraction to expansion provides calculational
  control over the propagation of the curvature perturbations through
  the bounce, furnishing a working proof of concept that such a
  stringy universe can result in viable late time cosmology.</subfield>
  </datafield>
  <datafield tag="540" ind1=" " ind2=" ">
    <subfield code="a">CC-BY-3.0</subfield>
    <subfield code="u">http://creativecommons.org/licenses/by/3.0/</subfield>
  </datafield>
  <datafield tag="542" ind1=" " ind2=" ">
    <subfield code="f"></subfield>
  </datafield>
  <datafield tag="590" ind1=" " ind2=" ">
  </datafield>
  <datafield tag="590" ind1=" " ind2=" ">
  </datafield>
  <datafield tag="590" ind1=" " ind2=" ">
  </datafield>
  <datafield tag="591" ind1=" " ind2=" ">
    <subfield code="a">CC:1</subfield>
  </datafield>
  <datafield tag="591" ind1=" " ind2=" ">
    <subfield code="a">Authors:1</subfield>
  </datafield>
  <datafield tag="591" ind1=" " ind2=" ">
    <subfield code="a">SCOAP3:1</subfield>
  </datafield>
  <datafield tag="591" ind1=" " ind2=" ">
    <subfield code="a">Category:1</subfield>
  </datafield>
  <datafield tag="653" ind1="1" ind2=" ">
    <subfield code="a">string theory and cosmology</subfield>
    <subfield code="9">author</subfield>
  </datafield>
  <datafield tag="653" ind1="1" ind2=" ">
    <subfield code="a">physics of the early universe</subfield>
    <subfield code="9">author</subfield>
  </datafield>
  <datafield tag="653" ind1="1" ind2=" ">
    <subfield code="a">power spectrum</subfield>
    <subfield code="9">author</subfield>
  </datafield>
  <datafield tag="653" ind1="1" ind2=" ">
    <subfield code="a">alternatives to inflation</subfield>
    <subfield code="9">author</subfield>
  </datafield>
  <datafield tag="700" ind1=" " ind2=" ">
    <subfield code="a">Kounnas, Costas</subfield>
    <subfield code="v">Laboratoire de Physique Théorique, Ecole Normale Supérieure,  24 rue Lhomond, F-75231 Paris cedex 05, France</subfield>
    <subfield code="w">France</subfield>
  </datafield>
  <datafield tag="700" ind1=" " ind2=" ">
    <subfield code="a">Partouche, Hervé</subfield>
    <subfield code="v">Centre de Physique Théorique, Ecole Polytechnique,   F-91128 Palaiseau cedex,  France</subfield>
    <subfield code="w">France</subfield>
  </datafield>
  <datafield tag="700" ind1=" " ind2=" ">
    <subfield code="a">Patil, Subodh P.</subfield>
    <subfield code="v">Theory Division, PH-TH Case C01600, CERN,   CH-1211 Geneva, Switzerland</subfield>
    <subfield code="w">CERN</subfield>
  </datafield>
  <datafield tag="700" ind1=" " ind2=" ">
    <subfield code="a">Toumbas, Nicolaos</subfield>
    <subfield code="v">Department of Physics, University of Cyprus,   Nicosia 1678, Cyprus</subfield>
    <subfield code="w">Cyprus</subfield>
  </datafield>
  <datafield tag="856" ind1="4" ind2=" ">
    <subfield code="s">176066</subfield>
    <subfield code="u">http://repo.scoap3.org/record/1576/files/fulltext.xml</subfield>
  </datafield>
  <datafield tag="856" ind1="4" ind2=" ">
    <subfield code="s">839663</subfield>
    <subfield code="u">http://repo.scoap3.org/record/1576/files/fulltext.pdf</subfield>
  </datafield>
  <datafield tag="909" ind1="C" ind2="O">
    <subfield code="o">oai:repo.scoap3.org:1576</subfield>
    <subfield code="p">GLOBAL_SET</subfield>
    <subfield code="p">JOURNAL_OF_COSMOLOGY_AND_ASTROPARTICLE_PHYSICS</subfield>
  </datafield>
  <datafield tag="980" ind1=" " ind2=" ">
    <subfield code="a">SCOAP3</subfield>
    <subfield code="b">IOP</subfield>
  </datafield>
</record>