
<record>
  <controlfield tag="001">1575</controlfield>
  <controlfield tag="005">20150408142719.0</controlfield>
  <datafield tag="022" ind1=" " ind2=" ">
    <subfield code="a">1475-7516</subfield>
  </datafield>
  <datafield tag="024" ind1="7" ind2=" ">
    <subfield code="a">10.1088/1475-7516/2014/03/014</subfield>
    <subfield code="2">DOI</subfield>
    <subfield code="t">2014-03-12T05:09:05Z</subfield>
  </datafield>
  <datafield tag="035" ind1=" " ind2=" ">
    <subfield code="a">1264828</subfield>
    <subfield code="9">INSPIRE</subfield>
  </datafield>
  <datafield tag="037" ind1=" " ind2=" ">
    <subfield code="a">arXiv:1311.4247</subfield>
    <subfield code="9">arXiv</subfield>
  </datafield>
  <datafield tag="100" ind1=" " ind2=" ">
    <subfield code="a">Nobile, Eugenio Del</subfield>
    <subfield code="v">Department of Physics and Astronomy, UCLA,  475 Portola Plaza, Los Angeles, CA 90095, U.S.A.</subfield>
    <subfield code="w">USA</subfield>
  </datafield>
  <datafield tag="773" ind1=" " ind2=" ">
    <subfield code="p">JCAP</subfield>
    <subfield code="v">1403</subfield>
    <subfield code="n">03</subfield>
    <subfield code="c">014</subfield>
    <subfield code="y">2014</subfield>
  </datafield>
  <datafield tag="245" ind1=" " ind2=" ">
    <subfield code="a">
Update on light WIMP limits: LUX, lite and light</subfield>
  </datafield>
  <datafield tag="260" ind1=" " ind2=" ">
    <subfield code="c">2014-03-01</subfield>
    <subfield code="b">Institute of Physics Publishing/SISSA</subfield>
  </datafield>
  <datafield tag="520" ind1=" " ind2=" ">
    <subfield code="a">
We reexamine the current direct dark matter data including the recent CDMSlite and LUX data, assuming that the dark matter consists of light WIMPs, with mass close to 10 GeV/c2 with spin-independent and isospin-conserving or isospin-violating interactions. We compare the data with a standard model for the dark halo of our galaxy and also in a halo-independent manner. In our standard-halo analysis, we find that for isospin-conserving couplings, CDMSlite and LUX together exclude the DAMA, CoGeNT, CDMS-II-Si, and CRESST-II possible WIMP signal regions. For isospin-violating couplings instead, we find that a substantial portion of the CDMS-II-Si region is compatible with all exclusion limits.  In our halo-independent analysis, we find that for isospin-conserving couplings, the situation is of strong tension between the positive and negative results, as it was before the LUX and CDMSlite bounds, which turn out to exclude the same possible WIMP signals as previous limits. For isospin-violating couplings, we find that LUX and CDMS-II-Si bounds together exclude or severely constrain the DAMA, CoGeNT and CRESST-II possible WIMP signals.</subfield>
  </datafield>
  <datafield tag="540" ind1=" " ind2=" ">
    <subfield code="a">CC-BY-3.0</subfield>
    <subfield code="u">http://creativecommons.org/licenses/by/3.0/</subfield>
  </datafield>
  <datafield tag="542" ind1=" " ind2=" ">
    <subfield code="f"></subfield>
  </datafield>
  <datafield tag="590" ind1=" " ind2=" ">
  </datafield>
  <datafield tag="590" ind1=" " ind2=" ">
  </datafield>
  <datafield tag="590" ind1=" " ind2=" ">
  </datafield>
  <datafield tag="591" ind1=" " ind2=" ">
    <subfield code="a">CC:1</subfield>
  </datafield>
  <datafield tag="591" ind1=" " ind2=" ">
    <subfield code="a">Authors:1</subfield>
  </datafield>
  <datafield tag="591" ind1=" " ind2=" ">
    <subfield code="a">SCOAP3:1</subfield>
  </datafield>
  <datafield tag="591" ind1=" " ind2=" ">
    <subfield code="a">Category:1</subfield>
  </datafield>
  <datafield tag="653" ind1="1" ind2=" ">
    <subfield code="a">dark matter experiments</subfield>
    <subfield code="9">author</subfield>
  </datafield>
  <datafield tag="653" ind1="1" ind2=" ">
    <subfield code="a">dark matter theory</subfield>
    <subfield code="9">author</subfield>
  </datafield>
  <datafield tag="700" ind1=" " ind2=" ">
    <subfield code="a">Gelmini, Graciela B.</subfield>
    <subfield code="v">Department of Physics and Astronomy, UCLA,  475 Portola Plaza, Los Angeles, CA 90095, U.S.A.</subfield>
    <subfield code="w">USA</subfield>
  </datafield>
  <datafield tag="700" ind1=" " ind2=" ">
    <subfield code="a">Gondolo, Paolo</subfield>
    <subfield code="v">Department of Physics and Astronomy, University of Utah,  115 South 1400 East #201, Salt Lake City, UT 84112, U.S.A.</subfield>
    <subfield code="w">USA</subfield>
  </datafield>
  <datafield tag="700" ind1=" " ind2=" ">
    <subfield code="a">Huh, Ji-Haeng</subfield>
    <subfield code="v">Department of Physics and Astronomy, UCLA,  475 Portola Plaza, Los Angeles, CA 90095, U.S.A.</subfield>
    <subfield code="w">USA</subfield>
  </datafield>
  <datafield tag="856" ind1="4" ind2=" ">
    <subfield code="s">1790544</subfield>
    <subfield code="u">http://repo.scoap3.org/record/1575/files/fulltext.pdf</subfield>
  </datafield>
  <datafield tag="856" ind1="4" ind2=" ">
    <subfield code="s">63789</subfield>
    <subfield code="u">http://repo.scoap3.org/record/1575/files/fulltext.xml</subfield>
  </datafield>
  <datafield tag="909" ind1="C" ind2="O">
    <subfield code="o">oai:repo.scoap3.org:1575</subfield>
    <subfield code="p">GLOBAL_SET</subfield>
    <subfield code="p">JOURNAL_OF_COSMOLOGY_AND_ASTROPARTICLE_PHYSICS</subfield>
  </datafield>
  <datafield tag="980" ind1=" " ind2=" ">
    <subfield code="a">SCOAP3</subfield>
    <subfield code="b">IOP</subfield>
  </datafield>
</record>