
<record>
  <controlfield tag="001">1574</controlfield>
  <controlfield tag="005">20150408142719.0</controlfield>
  <datafield tag="022" ind1=" " ind2=" ">
    <subfield code="a">1475-7516</subfield>
  </datafield>
  <datafield tag="024" ind1="7" ind2=" ">
    <subfield code="a">10.1088/1475-7516/2014/03/016</subfield>
    <subfield code="2">DOI</subfield>
    <subfield code="t">2014-03-12T05:09:05Z</subfield>
  </datafield>
  <datafield tag="035" ind1=" " ind2=" ">
    <subfield code="a">1264523</subfield>
    <subfield code="9">INSPIRE</subfield>
  </datafield>
  <datafield tag="037" ind1=" " ind2=" ">
    <subfield code="a">arXiv:1311.3361</subfield>
    <subfield code="9">arXiv</subfield>
  </datafield>
  <datafield tag="100" ind1=" " ind2=" ">
    <subfield code="a">Maleknejad, Azadeh</subfield>
    <subfield code="v">School of Physics, Institute for Research in Fundamental Sciences (IPM), P. Code. 19538-33511, Tehran, Iran</subfield>
    <subfield code="w">Iran</subfield>
  </datafield>
  <datafield tag="773" ind1=" " ind2=" ">
    <subfield code="p">JCAP</subfield>
    <subfield code="v">1403</subfield>
    <subfield code="n">03</subfield>
    <subfield code="c">016</subfield>
    <subfield code="y">2014</subfield>
  </datafield>
  <datafield tag="245" ind1=" " ind2=" ">
    <subfield code="a">
Chromo-natural model in anisotropic background</subfield>
  </datafield>
  <datafield tag="260" ind1=" " ind2=" ">
    <subfield code="c">2014-03-01</subfield>
    <subfield code="b">Institute of Physics Publishing/SISSA</subfield>
  </datafield>
  <datafield tag="520" ind1=" " ind2=" ">
    <subfield code="a">
In this work we study the chromo-natural inflation model in the anisotropic setup. Initiating inflation from Bianchi type-I cosmology, we analyze the system thoroughly during the slow-roll inflation, from both analytical and numerical points of view. We show that the isotropic FRW inflation is an attractor of the system. In other words, anisotropies are damped within few e-folds and the chromo-natural model respects the cosmic no-hair conjecture. Furthermore, we demonstrate that in the slow-roll limit, the anisotropies in both chromo-natural and gauge-flation models share the same dynamics.</subfield>
  </datafield>
  <datafield tag="540" ind1=" " ind2=" ">
    <subfield code="a">CC-BY-3.0</subfield>
    <subfield code="u">http://creativecommons.org/licenses/by/3.0/</subfield>
  </datafield>
  <datafield tag="542" ind1=" " ind2=" ">
    <subfield code="f"></subfield>
  </datafield>
  <datafield tag="590" ind1=" " ind2=" ">
  </datafield>
  <datafield tag="590" ind1=" " ind2=" ">
  </datafield>
  <datafield tag="590" ind1=" " ind2=" ">
  </datafield>
  <datafield tag="591" ind1=" " ind2=" ">
    <subfield code="a">CC:1</subfield>
  </datafield>
  <datafield tag="591" ind1=" " ind2=" ">
    <subfield code="a">Authors:1</subfield>
  </datafield>
  <datafield tag="591" ind1=" " ind2=" ">
    <subfield code="a">SCOAP3:1</subfield>
  </datafield>
  <datafield tag="591" ind1=" " ind2=" ">
    <subfield code="a">Category:1</subfield>
  </datafield>
  <datafield tag="653" ind1="1" ind2=" ">
    <subfield code="a">inflation</subfield>
    <subfield code="9">author</subfield>
  </datafield>
  <datafield tag="653" ind1="1" ind2=" ">
    <subfield code="a">physics of the early universe</subfield>
    <subfield code="9">author</subfield>
  </datafield>
  <datafield tag="700" ind1=" " ind2=" ">
    <subfield code="a">Erfani, Encieh</subfield>
    <subfield code="v">School of Physics, Institute for Research in Fundamental Sciences (IPM), P. Code. 19538-33511, Tehran, Iran</subfield>
    <subfield code="w">Iran</subfield>
  </datafield>
  <datafield tag="856" ind1="4" ind2=" ">
    <subfield code="s">37619</subfield>
    <subfield code="u">http://repo.scoap3.org/record/1574/files/fulltext.xml</subfield>
  </datafield>
  <datafield tag="856" ind1="4" ind2=" ">
    <subfield code="s">582118</subfield>
    <subfield code="u">http://repo.scoap3.org/record/1574/files/fulltext.pdf</subfield>
  </datafield>
  <datafield tag="909" ind1="C" ind2="O">
    <subfield code="o">oai:repo.scoap3.org:1574</subfield>
    <subfield code="p">GLOBAL_SET</subfield>
    <subfield code="p">JOURNAL_OF_COSMOLOGY_AND_ASTROPARTICLE_PHYSICS</subfield>
  </datafield>
  <datafield tag="980" ind1=" " ind2=" ">
    <subfield code="a">SCOAP3</subfield>
    <subfield code="b">IOP</subfield>
  </datafield>
</record>