
<record>
  <controlfield tag="001">1541</controlfield>
  <controlfield tag="005">20151125144333.0</controlfield>
  <datafield tag="022" ind1=" " ind2=" ">
    <subfield code="a">1475-7516</subfield>
  </datafield>
  <datafield tag="024" ind1="7" ind2=" ">
    <subfield code="2">DOI</subfield>
    <subfield code="a">10.1088/1475-7516/2014/03/008</subfield>
    <subfield code="t">2014-03-08T04:35:04Z</subfield>
  </datafield>
  <datafield tag="035" ind1=" " ind2=" ">
    <subfield code="9">INSPIRE</subfield>
    <subfield code="a">1276081</subfield>
  </datafield>
  <datafield tag="037" ind1=" " ind2=" ">
    <subfield code="9">arXiv</subfield>
    <subfield code="a">arXiv:1401.1045</subfield>
  </datafield>
  <datafield tag="100" ind1=" " ind2=" ">
    <subfield code="a">Nishi, Sakine</subfield>
    <subfield code="v">Department of Physics, Rikkyo University, Toshima, Tokyo, 175-8501 Japan</subfield>
    <subfield code="w">Japan</subfield>
  </datafield>
  <datafield tag="245" ind1=" " ind2=" ">
    <subfield code="a">Cosmological matching conditions and galilean genesis in Horndeski's theory</subfield>
  </datafield>
  <datafield tag="260" ind1=" " ind2=" ">
    <subfield code="b">Institute of Physics Publishing/SISSA</subfield>
    <subfield code="c">2014-03-01</subfield>
  </datafield>
  <datafield tag="773" ind1=" " ind2=" ">
    <subfield code="c">008</subfield>
    <subfield code="n">03</subfield>
    <subfield code="p">JCAP</subfield>
    <subfield code="v">1403</subfield>
    <subfield code="y">2014</subfield>
  </datafield>
  <datafield tag="520" ind1=" " ind2=" ">
    <subfield code="a">We derive the cosmological matching conditions for the homogeneous and
isotropic background and for linear perturbations in Horndeski's most
general second-order scalar-tensor theory.  In general relativity, the
matching is done in such a way that the extrinsic curvature is
continuous across the transition hypersurface.  This procedure is
generalized so as to incorporate the mixing of scalar and gravity
kinetic terms in the field equations of Horndeski's theory.  Our
matching conditions have a wide range of applications including the
galilean genesis and the bounce scenarios, in which stable, null energy
condition violating solutions play a central role.  We demonstrate how
our matching conditions are used in the galilean genesis scenario. In
doing so, we extend the previous genesis models and provide a unified
description of the theory admitting the solution that starts expanding
from the Minkowski spacetime.</subfield>
  </datafield>
  <datafield tag="540" ind1=" " ind2=" ">
    <subfield code="a">CC-BY-3.0</subfield>
    <subfield code="u">http://creativecommons.org/licenses/by/3.0/</subfield>
  </datafield>
  <datafield tag="591" ind1=" " ind2=" ">
    <subfield code="a">CC:1</subfield>
  </datafield>
  <datafield tag="591" ind1=" " ind2=" ">
    <subfield code="a">Authors:1</subfield>
  </datafield>
  <datafield tag="591" ind1=" " ind2=" ">
    <subfield code="a">SCOAP3:1</subfield>
  </datafield>
  <datafield tag="591" ind1=" " ind2=" ">
    <subfield code="a">Category:1</subfield>
  </datafield>
  <datafield tag="653" ind1="1" ind2=" ">
    <subfield code="9">author</subfield>
    <subfield code="a">cosmological perturbation theory</subfield>
  </datafield>
  <datafield tag="653" ind1="1" ind2=" ">
    <subfield code="9">author</subfield>
    <subfield code="a">alternatives to inflation</subfield>
  </datafield>
  <datafield tag="653" ind1="1" ind2=" ">
    <subfield code="9">author</subfield>
    <subfield code="a">modified gravity</subfield>
  </datafield>
  <datafield tag="700" ind1=" " ind2=" ">
    <subfield code="a">Kobayashi, Tsutomu</subfield>
    <subfield code="v">Department of Physics, Rikkyo University, Toshima, Tokyo, 175-8501 Japan</subfield>
    <subfield code="w">Japan</subfield>
  </datafield>
  <datafield tag="700" ind1=" " ind2=" ">
    <subfield code="a">Tanahashi, Norihiro</subfield>
    <subfield code="v">Kavli Institute for the Physics and Mathematics of the Universe (IPMU), The University of Tokyo, Kashiwa, Chiba, 277-8568 Japan</subfield>
    <subfield code="v">Department of Applied Mathematics and Theoretical Physics, University of Cambridge, Wilberforce Road, Cambridge, CB3 0WA U.K.</subfield>
    <subfield code="w">Japan</subfield>
    <subfield code="w">UK</subfield>
  </datafield>
  <datafield tag="700" ind1=" " ind2=" ">
    <subfield code="a">Yamaguchi, Masahide</subfield>
    <subfield code="v">Department of Physics, Tokyo Institute of Technology, Tokyo, 152-8551 Japan</subfield>
    <subfield code="w">Japan</subfield>
  </datafield>
  <datafield tag="856" ind1="4" ind2=" ">
    <subfield code="s">513170</subfield>
    <subfield code="u">http://repo.scoap3.org/record/1541/files/fulltext.pdf</subfield>
  </datafield>
  <datafield tag="856" ind1="4" ind2=" ">
    <subfield code="s">67784</subfield>
    <subfield code="u">http://repo.scoap3.org/record/1541/files/fulltext.xml</subfield>
  </datafield>
  <datafield tag="909" ind1="C" ind2="O">
    <subfield code="o">oai:repo.scoap3.org:1541</subfield>
    <subfield code="p">GLOBAL_SET</subfield>
    <subfield code="p">JOURNAL_OF_COSMOLOGY_AND_ASTROPARTICLE_PHYSICS</subfield>
  </datafield>
  <datafield tag="980" ind1=" " ind2=" ">
    <subfield code="a">SCOAP3</subfield>
    <subfield code="b">IOP</subfield>
  </datafield>
</record>