
<record>
  <controlfield tag="001">1464</controlfield>
  <controlfield tag="005">20150408142704.0</controlfield>
  <datafield tag="022" ind1=" " ind2=" ">
    <subfield code="a">1475-7516</subfield>
  </datafield>
  <datafield tag="024" ind1="7" ind2=" ">
    <subfield code="a">10.1088/1475-7516/2014/02/046</subfield>
    <subfield code="2">DOI</subfield>
    <subfield code="t">2014-02-28T04:08:26Z</subfield>
  </datafield>
  <datafield tag="035" ind1=" " ind2=" ">
    <subfield code="a">1257348</subfield>
    <subfield code="9">INSPIRE</subfield>
  </datafield>
  <datafield tag="037" ind1=" " ind2=" ">
    <subfield code="a">arXiv:1310.1774</subfield>
    <subfield code="9">arXiv</subfield>
  </datafield>
  <datafield tag="100" ind1=" " ind2=" ">
    <subfield code="a">Jeong, Kwang Sik</subfield>
    <subfield code="v">Deutsches Elektronen Synchrotron DESY,   Notkestrasse 85, 22607 Hamburg, Germany</subfield>
    <subfield code="w">Germany</subfield>
  </datafield>
  <datafield tag="773" ind1=" " ind2=" ">
    <subfield code="p">JCAP</subfield>
    <subfield code="v">1402</subfield>
    <subfield code="n">02</subfield>
    <subfield code="c">046</subfield>
    <subfield code="y">2014</subfield>
  </datafield>
  <datafield tag="245" ind1=" " ind2=" ">
    <subfield code="a">
Axions as hot and cold dark matter</subfield>
  </datafield>
  <datafield tag="260" ind1=" " ind2=" ">
    <subfield code="c">2014-02-01</subfield>
    <subfield code="b">Institute of Physics Publishing/SISSA</subfield>
  </datafield>
  <datafield tag="520" ind1=" " ind2=" ">
    <subfield code="a">
The presence of a hot dark matter component has been hinted
  at 3σ by a combination of the results from different
  cosmological observations.  We examine a possibility that pseudo
  Nambu-Goldstone bosons account for both hot and cold dark matter
  components.  We show that the QCD axions can do the job for the
  axion decay constant fa≲𝒪(1010) GeV, if they
  are produced by the saxion decay and the domain wall annihilation.
  We also investigate the cases of thermal QCD axions, pseudo
  Nambu-Goldstone bosons coupled to the standard model sector through
  the Higgs portal, and axions produced by modulus decay.</subfield>
  </datafield>
  <datafield tag="540" ind1=" " ind2=" ">
    <subfield code="a">CC-BY-3.0</subfield>
    <subfield code="u">http://creativecommons.org/licenses/by/3.0/</subfield>
  </datafield>
  <datafield tag="542" ind1=" " ind2=" ">
    <subfield code="f"></subfield>
  </datafield>
  <datafield tag="590" ind1=" " ind2=" ">
  </datafield>
  <datafield tag="590" ind1=" " ind2=" ">
  </datafield>
  <datafield tag="590" ind1=" " ind2=" ">
  </datafield>
  <datafield tag="591" ind1=" " ind2=" ">
    <subfield code="a">CC:1</subfield>
  </datafield>
  <datafield tag="591" ind1=" " ind2=" ">
    <subfield code="a">Authors:1</subfield>
  </datafield>
  <datafield tag="591" ind1=" " ind2=" ">
    <subfield code="a">SCOAP3:1</subfield>
  </datafield>
  <datafield tag="591" ind1=" " ind2=" ">
    <subfield code="a">Category:1</subfield>
  </datafield>
  <datafield tag="653" ind1="1" ind2=" ">
    <subfield code="a">axions</subfield>
    <subfield code="9">author</subfield>
  </datafield>
  <datafield tag="653" ind1="1" ind2=" ">
    <subfield code="a">physics of the early universe</subfield>
    <subfield code="9">author</subfield>
  </datafield>
  <datafield tag="653" ind1="1" ind2=" ">
    <subfield code="a">dark matter theory</subfield>
    <subfield code="9">author</subfield>
  </datafield>
  <datafield tag="700" ind1=" " ind2=" ">
    <subfield code="a">Kawasaki, Masahiro</subfield>
    <subfield code="v">Institute for Cosmic Ray Research, University of Tokyo,   Kashiwa 277-8582, Japan</subfield>
    <subfield code="v">Kavli IPMU, TODIAS, University of Tokyo,   Kashiwa 277-8583, Japan</subfield>
    <subfield code="w">Japan</subfield>
  </datafield>
  <datafield tag="700" ind1=" " ind2=" ">
    <subfield code="a">Takahashi, Fuminobu</subfield>
    <subfield code="v">Department of Physics, Tohoku University,   Sendai 980-8578, Japan</subfield>
    <subfield code="v">Kavli IPMU, TODIAS, University of Tokyo,   Kashiwa 277-8583, Japan</subfield>
    <subfield code="w">Japan</subfield>
  </datafield>
  <datafield tag="856" ind1="4" ind2=" ">
    <subfield code="s">339780</subfield>
    <subfield code="u">http://repo.scoap3.org/record/1464/files/fulltext.pdf</subfield>
  </datafield>
  <datafield tag="856" ind1="4" ind2=" ">
    <subfield code="s">63442</subfield>
    <subfield code="u">http://repo.scoap3.org/record/1464/files/fulltext.xml</subfield>
  </datafield>
  <datafield tag="909" ind1="C" ind2="O">
    <subfield code="o">oai:repo.scoap3.org:1464</subfield>
    <subfield code="p">GLOBAL_SET</subfield>
    <subfield code="p">JOURNAL_OF_COSMOLOGY_AND_ASTROPARTICLE_PHYSICS</subfield>
  </datafield>
  <datafield tag="980" ind1=" " ind2=" ">
    <subfield code="a">SCOAP3</subfield>
    <subfield code="b">IOP</subfield>
  </datafield>
</record>