
<record>
  <controlfield tag="001">1358</controlfield>
  <controlfield tag="005">20151125144112.0</controlfield>
  <datafield tag="022" ind1=" " ind2=" ">
    <subfield code="a">1475-7516</subfield>
  </datafield>
  <datafield tag="024" ind1="7" ind2=" ">
    <subfield code="a">10.1088/1475-7516/2014/02/028</subfield>
    <subfield code="2">DOI</subfield>
    <subfield code="t">2014-02-19T04:45:27Z</subfield>
  </datafield>
  <datafield tag="035" ind1=" " ind2=" ">
    <subfield code="a">1266291</subfield>
    <subfield code="9">INSPIRE</subfield>
  </datafield>
  <datafield tag="037" ind1=" " ind2=" ">
    <subfield code="a">arXiv:1311.6770</subfield>
    <subfield code="9">arXiv</subfield>
  </datafield>
  <datafield tag="100" ind1=" " ind2=" ">
    <subfield code="a">Li, Tianjun</subfield>
    <subfield code="v">State Key Laboratory of Theoretical Physics and Kavli Institute for Theoretical Physics China (KITPC),       Institute of Theoretical Physics, Chinese Academy of Sciences,  Beijing, 100190 P.R. China</subfield>
    <subfield code="v">George P. and Cynthia W. Mitchell Institute for Fundamental Physics and Astronomy, Texas A&amp;M University, College Station, TX, 77843 U.S.A.</subfield>
    <subfield code="v">School of Physical Electronics, University of Electronic Science and Technology of China,  Chengdu, 610054 P.R. China</subfield>
    <subfield code="w">China</subfield>
    <subfield code="w">USA</subfield>
  </datafield>
  <datafield tag="773" ind1=" " ind2=" ">
    <subfield code="p">JCAP</subfield>
    <subfield code="v">1402</subfield>
    <subfield code="n">02</subfield>
    <subfield code="c">028</subfield>
    <subfield code="y">2014</subfield>
  </datafield>
  <datafield tag="245" ind1=" " ind2=" ">
    <subfield code="a">
Supergravity inflation with broken shift symmetry and large tensor-to-scalar ratio</subfield>
  </datafield>
  <datafield tag="260" ind1=" " ind2=" ">
    <subfield code="c">2014-02-01</subfield>
    <subfield code="b">Institute of Physics Publishing/SISSA</subfield>
  </datafield>
  <datafield tag="520" ind1=" " ind2=" ">
    <subfield code="a">
We propose a class of inflation models with potential
V(ϕ) = αϕnexp(−βmϕm).
We show that such kind of inflaton potentials can be realized
in supergravity theory with a small shift symmetry breaking
term in the K&amp;quot;ahler potential. We find that the models with
(m = 1,n = 1), (m = 1,n = 2),  (m = 2,n = 1), and (m = 2,n = 3/2)
can easily accommodate the Planck results. In particular, the
tensor-to-scalar ratio is larger than 0.01 in the 1σ region.
Thus, these models generate the typical large field inflation,
and can be tested at the future Planck and QUBIC experiments.</subfield>
  </datafield>
  <datafield tag="540" ind1=" " ind2=" ">
    <subfield code="a">CC-BY-3.0</subfield>
    <subfield code="u">http://creativecommons.org/licenses/by/3.0/</subfield>
  </datafield>
  <datafield tag="542" ind1=" " ind2=" ">
    <subfield code="f"></subfield>
  </datafield>
  <datafield tag="590" ind1=" " ind2=" ">
  </datafield>
  <datafield tag="590" ind1=" " ind2=" ">
  </datafield>
  <datafield tag="590" ind1=" " ind2=" ">
  </datafield>
  <datafield tag="591" ind1=" " ind2=" ">
    <subfield code="a">CC:1</subfield>
  </datafield>
  <datafield tag="591" ind1=" " ind2=" ">
    <subfield code="a">Authors:1</subfield>
  </datafield>
  <datafield tag="591" ind1=" " ind2=" ">
    <subfield code="a">SCOAP3:1</subfield>
  </datafield>
  <datafield tag="591" ind1=" " ind2=" ">
    <subfield code="a">Category:1</subfield>
  </datafield>
  <datafield tag="653" ind1="1" ind2=" ">
    <subfield code="a">inflation</subfield>
    <subfield code="9">author</subfield>
  </datafield>
  <datafield tag="653" ind1="1" ind2=" ">
    <subfield code="a">supersymmetry and cosmology</subfield>
    <subfield code="9">author</subfield>
  </datafield>
  <datafield tag="700" ind1=" " ind2=" ">
    <subfield code="a">Li, Zhijin</subfield>
    <subfield code="v">George P. and Cynthia W. Mitchell Institute for Fundamental Physics and Astronomy, Texas A&amp;M University, College Station, TX, 77843 U.S.A.</subfield>
    <subfield code="w">USA</subfield>
  </datafield>
  <datafield tag="700" ind1=" " ind2=" ">
    <subfield code="a">Nanopoulos, Dimitri V.</subfield>
    <subfield code="v">George P. and Cynthia W. Mitchell Institute for Fundamental Physics and Astronomy, Texas A&amp;M University, College Station, TX, 77843 U.S.A.</subfield>
    <subfield code="v">Astroparticle Physics Group, Houston Advanced Research Center (HARC),  Mitchell Campus, Woodlands, TX, 77381 U.S.A.</subfield>
    <subfield code="v">Academy of Athens, Division of Natural Sciences,   28 Panepistimiou Avenue, Athens, 10679 Greece</subfield>
    <subfield code="w">USA</subfield>
    <subfield code="w">Greece</subfield>
  </datafield>
  <datafield tag="856" ind1="4" ind2=" ">
    <subfield code="s">41182</subfield>
    <subfield code="u">http://repo.scoap3.org/record/1358/files/fulltext.xml</subfield>
  </datafield>
  <datafield tag="856" ind1="4" ind2=" ">
    <subfield code="s">657187</subfield>
    <subfield code="u">http://repo.scoap3.org/record/1358/files/fulltext.pdf</subfield>
  </datafield>
  <datafield tag="909" ind1="C" ind2="O">
    <subfield code="o">oai:repo.scoap3.org:1358</subfield>
    <subfield code="p">GLOBAL_SET</subfield>
    <subfield code="p">PR China</subfield>
    <subfield code="p">JOURNAL_OF_COSMOLOGY_AND_ASTROPARTICLE_PHYSICS</subfield>
    <subfield code="p">PR_China</subfield>
  </datafield>
  <datafield tag="980" ind1=" " ind2=" ">
    <subfield code="a">SCOAP3</subfield>
    <subfield code="b">IOP</subfield>
  </datafield>
</record>