
<record>
  <controlfield tag="001">1337</controlfield>
  <controlfield tag="005">20151125144111.0</controlfield>
  <datafield tag="022" ind1=" " ind2=" ">
    <subfield code="a">1475-7516</subfield>
  </datafield>
  <datafield tag="024" ind1="7" ind2=" ">
    <subfield code="a">10.1088/1475-7516/2014/02/024</subfield>
    <subfield code="2">DOI</subfield>
    <subfield code="t">2014-02-16T04:18:10Z</subfield>
  </datafield>
  <datafield tag="035" ind1=" " ind2=" ">
    <subfield code="a">1257576</subfield>
    <subfield code="9">INSPIRE</subfield>
  </datafield>
  <datafield tag="037" ind1=" " ind2=" ">
    <subfield code="a">arXiv:1310.2157</subfield>
    <subfield code="9">arXiv</subfield>
  </datafield>
  <datafield tag="100" ind1=" " ind2=" ">
    <subfield code="a">George, Damien P.</subfield>
    <subfield code="v">Department of Applied Mathematics and Theoretical Physics,  Centre for Mathematical Sciences, University of Cambridge,  Wilberforce Road, Cambridge, CB3 0WA United Kingdom</subfield>
    <subfield code="v">Cavendish Laboratory, University of Cambridge,  JJ Thomson Avenue, Cambridge, CB3 0HE United Kingdom</subfield>
    <subfield code="w">UK</subfield>
  </datafield>
  <datafield tag="773" ind1=" " ind2=" ">
    <subfield code="p">JCAP</subfield>
    <subfield code="v">1402</subfield>
    <subfield code="n">02</subfield>
    <subfield code="c">024</subfield>
    <subfield code="y">2014</subfield>
  </datafield>
  <datafield tag="245" ind1=" " ind2=" ">
    <subfield code="a">
Quantum corrections in Higgs inflation: the real scalar case</subfield>
  </datafield>
  <datafield tag="260" ind1=" " ind2=" ">
    <subfield code="c">2014-02-01</subfield>
    <subfield code="b">Institute of Physics Publishing/SISSA</subfield>
  </datafield>
  <datafield tag="520" ind1=" " ind2=" ">
    <subfield code="a">
We present a critical discussion of quantum corrections,
renormalisation, and the computation of the beta functions and the
effective potential in Higgs inflation.  In contrast with claims in
the literature, we find no evidence for a disagreement between the
Jordan and Einstein frames, even at the quantum level.  For clarity of
discussion we concentrate on the case of a real scalar Higgs.  We
first review the classical calculation and then discuss the back
reaction of gravity.  We compute the beta functions for the Higgs
quartic coupling and non-minimal coupling constant.  Here, the
mid-field regime is non-renormalisable, but we are able to give an
upper bound on the 1-loop corrections to the effective potential.  We
show that, in computing the effective potential, the Jordan and
Einstein frames are compatible if all mass scales are transformed
between the two frames.  As such, it is consistent to take a constant
cutoff in either the Jordan or Einstein frame, and both prescriptions
yield the same result for the effective potential.  Our results are
extended to the case of a complex scalar Higgs.</subfield>
  </datafield>
  <datafield tag="540" ind1=" " ind2=" ">
    <subfield code="a">CC-BY-3.0</subfield>
    <subfield code="u">http://creativecommons.org/licenses/by/3.0/</subfield>
  </datafield>
  <datafield tag="542" ind1=" " ind2=" ">
    <subfield code="f"></subfield>
  </datafield>
  <datafield tag="590" ind1=" " ind2=" ">
  </datafield>
  <datafield tag="590" ind1=" " ind2=" ">
  </datafield>
  <datafield tag="590" ind1=" " ind2=" ">
  </datafield>
  <datafield tag="591" ind1=" " ind2=" ">
    <subfield code="a">CC:1</subfield>
  </datafield>
  <datafield tag="591" ind1=" " ind2=" ">
    <subfield code="a">Authors:1</subfield>
  </datafield>
  <datafield tag="591" ind1=" " ind2=" ">
    <subfield code="a">SCOAP3:1</subfield>
  </datafield>
  <datafield tag="591" ind1=" " ind2=" ">
    <subfield code="a">Category:1</subfield>
  </datafield>
  <datafield tag="653" ind1="1" ind2=" ">
    <subfield code="a">cosmological perturbation theory</subfield>
    <subfield code="9">author</subfield>
  </datafield>
  <datafield tag="653" ind1="1" ind2=" ">
    <subfield code="a">inflation</subfield>
    <subfield code="9">author</subfield>
  </datafield>
  <datafield tag="653" ind1="1" ind2=" ">
    <subfield code="a">particle physics - cosmology connection</subfield>
    <subfield code="9">author</subfield>
  </datafield>
  <datafield tag="700" ind1=" " ind2=" ">
    <subfield code="a">Mooij, Sander</subfield>
    <subfield code="v">Nikhef, Science Park 105, Amsterdam, 1098 XG The Netherlands</subfield>
    <subfield code="v">FCFM, Universidad de Chile, Blanco Encalada 2008,  Santiago, Chile</subfield>
    <subfield code="w">Netherlands</subfield>
    <subfield code="w">Chile</subfield>
  </datafield>
  <datafield tag="700" ind1=" " ind2=" ">
    <subfield code="a">Postma, Marieke</subfield>
    <subfield code="v">Nikhef, Science Park 105, Amsterdam, 1098 XG The Netherlands</subfield>
    <subfield code="w">Netherlands</subfield>
  </datafield>
  <datafield tag="856" ind1="4" ind2=" ">
    <subfield code="s">102792</subfield>
    <subfield code="u">http://repo.scoap3.org/record/1337/files/fulltext.xml</subfield>
  </datafield>
  <datafield tag="856" ind1="4" ind2=" ">
    <subfield code="s">534728</subfield>
    <subfield code="u">http://repo.scoap3.org/record/1337/files/fulltext.pdf</subfield>
  </datafield>
  <datafield tag="909" ind1="C" ind2="O">
    <subfield code="o">oai:repo.scoap3.org:1337</subfield>
    <subfield code="p">GLOBAL_SET</subfield>
    <subfield code="p">JOURNAL_OF_COSMOLOGY_AND_ASTROPARTICLE_PHYSICS</subfield>
  </datafield>
  <datafield tag="980" ind1=" " ind2=" ">
    <subfield code="a">SCOAP3</subfield>
    <subfield code="b">IOP</subfield>
  </datafield>
</record>