
<record>
  <controlfield tag="001">1287</controlfield>
  <controlfield tag="005">20151125144105.0</controlfield>
  <datafield tag="022" ind1=" " ind2=" ">
    <subfield code="a">1475-7516</subfield>
  </datafield>
  <datafield tag="024" ind1="7" ind2=" ">
    <subfield code="a">10.1088/1475-7516/2014/02/018</subfield>
    <subfield code="2">DOI</subfield>
    <subfield code="t">2014-02-13T23:50:57Z</subfield>
  </datafield>
  <datafield tag="035" ind1=" " ind2=" ">
    <subfield code="a">1268663</subfield>
    <subfield code="9">INSPIRE</subfield>
  </datafield>
  <datafield tag="037" ind1=" " ind2=" ">
    <subfield code="a">arXiv:1312.2747</subfield>
    <subfield code="9">arXiv</subfield>
  </datafield>
  <datafield tag="100" ind1=" " ind2=" ">
    <subfield code="a">Brax, Philippe</subfield>
    <subfield code="v">Institut de Physique Théorique, CEA, IPhT, CNRS, URA 2306,    F-91191Gif/Yvette Cedex, France</subfield>
    <subfield code="w">France</subfield>
  </datafield>
  <datafield tag="773" ind1=" " ind2=" ">
    <subfield code="p">JCAP</subfield>
    <subfield code="v">1402</subfield>
    <subfield code="n">02</subfield>
    <subfield code="c">018</subfield>
    <subfield code="y">2014</subfield>
  </datafield>
  <datafield tag="245" ind1=" " ind2=" ">
    <subfield code="a">
Chameleon fragmentation</subfield>
  </datafield>
  <datafield tag="260" ind1=" " ind2=" ">
    <subfield code="c">2014-02-01</subfield>
    <subfield code="b">Institute of Physics Publishing/SISSA</subfield>
  </datafield>
  <datafield tag="520" ind1=" " ind2=" ">
    <subfield code="a">
A scalar field dark energy candidate could couple to
  ordinary matter and photons, enabling its detection in laboratory
  experiments.  Here we study the quantum properties of the chameleon
  field, one such dark energy candidate, in an ``afterglow''
  experiment designed to produce, trap, and detect chameleon
  particles.  In particular, we investigate the possible fragmentation
  of a beam of chameleon particles into multiple particle states due
  to the highly non-linear interaction terms in the chameleon
  Lagrangian.  Fragmentation could weaken the constraints of an
  afterglow experiment by reducing the energy of the regenerated
  photons, but this energy reduction also provides a unique signature
  which could be detected by a properly-designed experiment.  We show
  that constraints from the CHASE experiment are essentially
  unaffected by fragmentation for ϕ4 and 1/ϕ potentials,
  but are weakened for steeper potentials, and we discuss possible
  future afterglow experiments.</subfield>
  </datafield>
  <datafield tag="540" ind1=" " ind2=" ">
    <subfield code="a">CC-BY-3.0</subfield>
    <subfield code="u">http://creativecommons.org/licenses/by/3.0/</subfield>
  </datafield>
  <datafield tag="542" ind1=" " ind2=" ">
    <subfield code="f"></subfield>
  </datafield>
  <datafield tag="590" ind1=" " ind2=" ">
  </datafield>
  <datafield tag="590" ind1=" " ind2=" ">
  </datafield>
  <datafield tag="590" ind1=" " ind2=" ">
  </datafield>
  <datafield tag="591" ind1=" " ind2=" ">
    <subfield code="a">CC:1</subfield>
  </datafield>
  <datafield tag="591" ind1=" " ind2=" ">
    <subfield code="a">Authors:1</subfield>
  </datafield>
  <datafield tag="591" ind1=" " ind2=" ">
    <subfield code="a">SCOAP3:1</subfield>
  </datafield>
  <datafield tag="591" ind1=" " ind2=" ">
    <subfield code="a">Category:1</subfield>
  </datafield>
  <datafield tag="653" ind1="1" ind2=" ">
    <subfield code="a">modified gravity</subfield>
    <subfield code="9">author</subfield>
  </datafield>
  <datafield tag="653" ind1="1" ind2=" ">
    <subfield code="a">particle physics - cosmology connection</subfield>
    <subfield code="9">author</subfield>
  </datafield>
  <datafield tag="700" ind1=" " ind2=" ">
    <subfield code="a">Upadhye, Amol</subfield>
    <subfield code="v">Institute for the Early Universe, Ewha University, International Education,  Building #601, 11-1, Daehyun-Dong Seodaemun-Gu, Seoul 120-750, Korea</subfield>
    <subfield code="v">Lawrence Berkeley National Laboratory, University of California,   1 Cyclotron Road, Berkeley, CA 94720, U.S.A.</subfield>
    <subfield code="v">High Energy Physics Division, Argonne National Laboratory,    9700 S. Cass Ave., Argonne, IL, U.S.A.</subfield>
    <subfield code="w">South Korea</subfield>
    <subfield code="w">USA</subfield>
  </datafield>
  <datafield tag="856" ind1="4" ind2=" ">
    <subfield code="s">78551</subfield>
    <subfield code="u">http://repo.scoap3.org/record/1287/files/fulltext.xml</subfield>
  </datafield>
  <datafield tag="856" ind1="4" ind2=" ">
    <subfield code="s">870833</subfield>
    <subfield code="u">http://repo.scoap3.org/record/1287/files/fulltext.pdf</subfield>
  </datafield>
  <datafield tag="909" ind1="C" ind2="O">
    <subfield code="o">oai:repo.scoap3.org:1287</subfield>
    <subfield code="p">GLOBAL_SET</subfield>
    <subfield code="p">JOURNAL_OF_COSMOLOGY_AND_ASTROPARTICLE_PHYSICS</subfield>
  </datafield>
  <datafield tag="980" ind1=" " ind2=" ">
    <subfield code="a">SCOAP3</subfield>
    <subfield code="b">IOP</subfield>
  </datafield>
</record>