
<record>
  <controlfield tag="001">1274</controlfield>
  <controlfield tag="005">20151125144104.0</controlfield>
  <datafield tag="022" ind1=" " ind2=" ">
    <subfield code="a">1475-7516</subfield>
  </datafield>
  <datafield tag="024" ind1="7" ind2=" ">
    <subfield code="a">10.1088/1475-7516/2014/02/015</subfield>
    <subfield code="2">DOI</subfield>
    <subfield code="t">2014-02-13T23:50:57Z</subfield>
  </datafield>
  <datafield tag="035" ind1=" " ind2=" ">
    <subfield code="a">1244071</subfield>
    <subfield code="9">INSPIRE</subfield>
  </datafield>
  <datafield tag="037" ind1=" " ind2=" ">
    <subfield code="a">arXiv:1307.5984</subfield>
    <subfield code="9">arXiv</subfield>
  </datafield>
  <datafield tag="100" ind1=" " ind2=" ">
    <subfield code="a">Tamanini, Nicola</subfield>
    <subfield code="v">Department of Mathematics, University College London,  Gower Street, London, WC1E 6BT, U.K.</subfield>
    <subfield code="w">UK</subfield>
  </datafield>
  <datafield tag="773" ind1=" " ind2=" ">
    <subfield code="p">JCAP</subfield>
    <subfield code="v">1402</subfield>
    <subfield code="n">02</subfield>
    <subfield code="c">015</subfield>
    <subfield code="y">2014</subfield>
  </datafield>
  <datafield tag="245" ind1=" " ind2=" ">
    <subfield code="a">
The cosmology of interacting spin-2 fields</subfield>
  </datafield>
  <datafield tag="260" ind1=" " ind2=" ">
    <subfield code="c">2014-02-01</subfield>
    <subfield code="b">Institute of Physics Publishing/SISSA</subfield>
  </datafield>
  <datafield tag="520" ind1=" " ind2=" ">
    <subfield code="a">
We investigate the cosmology of interacting spin-2 particles, formulating
the multi-gravitational theory in terms of vierbeins and without imposing
any Deser-van Nieuwen-huizen-like constraint. The resulting
multi-vierbein theory represents a wider class of gravitational theories if
compared to the corresponding multi-metric models. Moreover, as opposed to
its metric counterpart which in general seems to contain ghosts, it has
already been proved to be ghost-free. We outline a discussion about the
possible matter couplings and we focus on the study of cosmological scenarios
in the case
of three and four interacting vierbeins. We find rich behavior, including de
Sitter solutions 
with an effective cosmological constant arising from the multi-vierbein 
interaction,
dark-energy solutions and nonsingular bouncing behavior.</subfield>
  </datafield>
  <datafield tag="540" ind1=" " ind2=" ">
    <subfield code="a">CC-BY-3.0</subfield>
    <subfield code="u">http://creativecommons.org/licenses/by/3.0/</subfield>
  </datafield>
  <datafield tag="542" ind1=" " ind2=" ">
    <subfield code="f"></subfield>
  </datafield>
  <datafield tag="590" ind1=" " ind2=" ">
  </datafield>
  <datafield tag="590" ind1=" " ind2=" ">
  </datafield>
  <datafield tag="590" ind1=" " ind2=" ">
  </datafield>
  <datafield tag="591" ind1=" " ind2=" ">
    <subfield code="a">CC:1</subfield>
  </datafield>
  <datafield tag="591" ind1=" " ind2=" ">
    <subfield code="a">Authors:1</subfield>
  </datafield>
  <datafield tag="591" ind1=" " ind2=" ">
    <subfield code="a">SCOAP3:1</subfield>
  </datafield>
  <datafield tag="591" ind1=" " ind2=" ">
    <subfield code="a">Category:1</subfield>
  </datafield>
  <datafield tag="653" ind1="1" ind2=" ">
    <subfield code="a">dark energy theory</subfield>
    <subfield code="9">author</subfield>
  </datafield>
  <datafield tag="653" ind1="1" ind2=" ">
    <subfield code="a">modified gravity</subfield>
    <subfield code="9">author</subfield>
  </datafield>
  <datafield tag="700" ind1=" " ind2=" ">
    <subfield code="a">Saridakis, Emmanuel N.</subfield>
    <subfield code="v">Physics Division, National Technical University of Athens,  15780 Zografou Campus,  Athens, Greece</subfield>
    <subfield code="v">Instituto de Física, Pontificia Universidad de Católica de Valparaíso,  Casilla 4950, Valparaíso, Chile</subfield>
    <subfield code="w">Chile</subfield>
    <subfield code="w">Greece</subfield>
  </datafield>
  <datafield tag="700" ind1=" " ind2=" ">
    <subfield code="a">Koivisto, Tomi S.</subfield>
    <subfield code="v">Institute for Theoretical Astrophysics, University of Oslo,  N-0315 Oslo, Norway</subfield>
    <subfield code="w">Norway</subfield>
  </datafield>
  <datafield tag="856" ind1="4" ind2=" ">
    <subfield code="s">378448</subfield>
    <subfield code="u">http://repo.scoap3.org/record/1274/files/fulltext.pdf</subfield>
  </datafield>
  <datafield tag="856" ind1="4" ind2=" ">
    <subfield code="s">87679</subfield>
    <subfield code="u">http://repo.scoap3.org/record/1274/files/fulltext.xml</subfield>
  </datafield>
  <datafield tag="909" ind1="C" ind2="O">
    <subfield code="o">oai:repo.scoap3.org:1274</subfield>
    <subfield code="p">GLOBAL_SET</subfield>
    <subfield code="p">JOURNAL_OF_COSMOLOGY_AND_ASTROPARTICLE_PHYSICS</subfield>
  </datafield>
  <datafield tag="980" ind1=" " ind2=" ">
    <subfield code="a">SCOAP3</subfield>
    <subfield code="b">IOP</subfield>
  </datafield>
</record>