
<record>
  <controlfield tag="001">1265</controlfield>
  <controlfield tag="005">20151125144015.0</controlfield>
  <datafield tag="022" ind1=" " ind2=" ">
    <subfield code="a">1475-7516</subfield>
  </datafield>
  <datafield tag="024" ind1="7" ind2=" ">
    <subfield code="2">DOI</subfield>
    <subfield code="a">10.1088/1475-7516/2014/02/008</subfield>
    <subfield code="t">2014-02-13T23:50:57Z</subfield>
  </datafield>
  <datafield tag="035" ind1=" " ind2=" ">
    <subfield code="9">INSPIRE</subfield>
    <subfield code="a">1267627</subfield>
  </datafield>
  <datafield tag="037" ind1=" " ind2=" ">
    <subfield code="9">arXiv</subfield>
    <subfield code="a">arXiv:1312.1535</subfield>
  </datafield>
  <datafield tag="100" ind1=" " ind2=" ">
    <subfield code="a">Aleksić, J.</subfield>
    <subfield code="v">IFAE, Campus UAB, E-08193 Bellaterra, Spain</subfield>
    <subfield code="w">Spain</subfield>
  </datafield>
  <datafield tag="245" ind1=" " ind2=" ">
    <subfield code="a">Optimized dark matter searches in deep observations of Segue 1   with MAGIC</subfield>
  </datafield>
  <datafield tag="260" ind1=" " ind2=" ">
    <subfield code="b">Institute of Physics Publishing/SISSA</subfield>
    <subfield code="c">2014-02-01</subfield>
  </datafield>
  <datafield tag="520" ind1=" " ind2=" ">
    <subfield code="a">We present the results of stereoscopic observations of the
  satellite galaxy Segue 1 with the MAGIC Telescopes, carried out
  between 2011 and 2013. With almost 160 hours of good-quality data,
  this is the deepest observational campaign on any dwarf galaxy
  performed so far in the very high energy range of the
  electromagnetic spectrum. We search this large data sample for
  signals of dark matter particles in the mass range between 100 GeV
  and 20 TeV. For this we use the full likelihood analysis method,
  which provides optimal sensitivity to characteristic gamma-ray
  spectral features, like those expected from dark matter annihilation
  or decay. In particular, we focus our search on gamma-rays produced
  from different final state Standard Model particles, annihilation
  with internal bremsstrahlung, monochromatic lines and box-shaped
  signals. Our results represent the most stringent constraints to the
  annihilation cross-section or decay lifetime obtained from
  observations of satellite galaxies, for masses above few hundred
  GeV. In particular, our strongest limit (95% confidence level)
  corresponds to a ∼ 500 GeV dark matter particle annihilating
  into τ+τ−, and is of order ⟨σannv⟩ ≃ 
  1.2 × 10−24 cm3 s−1 — a factor  ∼ 40 above the ⟨σannv⟩ ≃  thermal value.</subfield>
  </datafield>
  <datafield tag="540" ind1=" " ind2=" ">
    <subfield code="a">CC-BY-3.0</subfield>
    <subfield code="u">http://creativecommons.org/licenses/by/3.0/</subfield>
  </datafield>
  <datafield tag="591" ind1=" " ind2=" ">
    <subfield code="a">CC:1</subfield>
  </datafield>
  <datafield tag="591" ind1=" " ind2=" ">
    <subfield code="a">Authors:1</subfield>
  </datafield>
  <datafield tag="591" ind1=" " ind2=" ">
    <subfield code="a">SCOAP3:1</subfield>
  </datafield>
  <datafield tag="591" ind1=" " ind2=" ">
    <subfield code="a">Category:1</subfield>
  </datafield>
  <datafield tag="653" ind1="1" ind2=" ">
    <subfield code="9">author</subfield>
    <subfield code="a">dwarfs galaxies</subfield>
  </datafield>
  <datafield tag="653" ind1="1" ind2=" ">
    <subfield code="9">author</subfield>
    <subfield code="a">dark matter experiments</subfield>
  </datafield>
  <datafield tag="653" ind1="1" ind2=" ">
    <subfield code="9">author</subfield>
    <subfield code="a">gamma ray experiments</subfield>
  </datafield>
  <datafield tag="700" ind1=" " ind2=" ">
    <subfield code="a">Ansoldi, S.</subfield>
    <subfield code="v">Università di Udine, and INFN Trieste, I-33100 Udine, Italy</subfield>
    <subfield code="w">Italy</subfield>
  </datafield>
  <datafield tag="700" ind1=" " ind2=" ">
    <subfield code="a">Antonelli, L.A.</subfield>
    <subfield code="v">INAF National Institute for Astrophysics, I-00136 Rome, Italy</subfield>
    <subfield code="w">Italy</subfield>
  </datafield>
  <datafield tag="700" ind1=" " ind2=" ">
    <subfield code="a">Antoranz, P.</subfield>
    <subfield code="v">Università  di Siena, and INFN Pisa, I-53100 Siena, Italy</subfield>
    <subfield code="w">Italy</subfield>
  </datafield>
  <datafield tag="700" ind1=" " ind2=" ">
    <subfield code="a">Babic, A.</subfield>
    <subfield code="v">Croatian MAGIC Consortium, Rudjer Boskovic Institute, University of Rijeka  and University of Split, HR-10000 Zagreb, Croatia</subfield>
    <subfield code="w">Croatia</subfield>
  </datafield>
  <datafield tag="700" ind1=" " ind2=" ">
    <subfield code="a">Bangale, P.</subfield>
    <subfield code="v">Max-Planck-Institut für Physik, D-80805 München, Germany</subfield>
    <subfield code="w">Germany</subfield>
  </datafield>
  <datafield tag="700" ind1=" " ind2=" ">
    <subfield code="a">de Almeida, U. Barres</subfield>
    <subfield code="v">Max-Planck-Institut für Physik, D-80805 München, Germany</subfield>
    <subfield code="w">Germany</subfield>
  </datafield>
  <datafield tag="700" ind1=" " ind2=" ">
    <subfield code="a">Barrio, J.A.</subfield>
    <subfield code="v">Universidad Complutense, E-28040 Madrid, Spain</subfield>
    <subfield code="w">Spain</subfield>
  </datafield>
  <datafield tag="700" ind1=" " ind2=" ">
    <subfield code="a">González, J. Becerra</subfield>
    <subfield code="v">Inst. de Astrofísica de Canarias, E-38200 La Laguna, Tenerife, Spain</subfield>
    <subfield code="v">now at: NASA Goddard Space Flight Center, Greenbelt, MD 20771, USA and Department of Physics and Department of Astronomy, University of Maryland,  College Park, MD 20742, USA</subfield>
    <subfield code="w">USA</subfield>
    <subfield code="w">Spain</subfield>
  </datafield>
  <datafield tag="700" ind1=" " ind2=" ">
    <subfield code="a">Bednarek, W.</subfield>
    <subfield code="v">University of Łódź, PL-90236 Lodz, Poland</subfield>
    <subfield code="w">Poland</subfield>
  </datafield>
  <datafield tag="700" ind1=" " ind2=" ">
    <subfield code="a">Berger, K.</subfield>
    <subfield code="v">Inst. de Astrofísica de Canarias, E-38200 La Laguna, Tenerife, Spain</subfield>
    <subfield code="w">Spain</subfield>
  </datafield>
  <datafield tag="700" ind1=" " ind2=" ">
    <subfield code="a">Bernardini, E.</subfield>
    <subfield code="v">Deutsches Elektronen-Synchrotron (DESY), D-15738 Zeuthen, Germany</subfield>
    <subfield code="w">Germany</subfield>
  </datafield>
  <datafield tag="700" ind1=" " ind2=" ">
    <subfield code="a">Biland, A.</subfield>
    <subfield code="v">ETH Zurich, CH-8093 Zurich, Switzerland</subfield>
    <subfield code="w">Switzerland</subfield>
  </datafield>
  <datafield tag="700" ind1=" " ind2=" ">
    <subfield code="a">Blanch, O.</subfield>
    <subfield code="v">IFAE, Campus UAB, E-08193 Bellaterra, Spain</subfield>
    <subfield code="w">Spain</subfield>
  </datafield>
  <datafield tag="700" ind1=" " ind2=" ">
    <subfield code="a">Bock, R.K.</subfield>
    <subfield code="v">Max-Planck-Institut für Physik, D-80805 München, Germany</subfield>
    <subfield code="w">Germany</subfield>
  </datafield>
  <datafield tag="700" ind1=" " ind2=" ">
    <subfield code="a">Bonnefoy, S.</subfield>
    <subfield code="v">Universidad Complutense, E-28040 Madrid, Spain</subfield>
    <subfield code="w">Spain</subfield>
  </datafield>
  <datafield tag="700" ind1=" " ind2=" ">
    <subfield code="a">Bonnoli, G.</subfield>
    <subfield code="v">INAF National Institute for Astrophysics, I-00136 Rome, Italy</subfield>
    <subfield code="w">Italy</subfield>
  </datafield>
  <datafield tag="700" ind1=" " ind2=" ">
    <subfield code="a">Borracci, F.</subfield>
    <subfield code="v">Max-Planck-Institut für Physik, D-80805 München, Germany</subfield>
    <subfield code="w">Germany</subfield>
  </datafield>
  <datafield tag="700" ind1=" " ind2=" ">
    <subfield code="a">Bretz, T.</subfield>
    <subfield code="v">Universität Würzburg, D-97074 Würzburg, Germany</subfield>
    <subfield code="v">now at Ecole polytechnique fédérale de Lausanne (EPFL), Lausanne, Switzerland</subfield>
    <subfield code="w">Switzerland</subfield>
    <subfield code="w">Germany</subfield>
  </datafield>
  <datafield tag="700" ind1=" " ind2=" ">
    <subfield code="a">Carmona, E.</subfield>
    <subfield code="v">Centro de Investigaciones Energéticas, Medioambientales y Tecnológicas,  E-28040 Madrid, Spain</subfield>
    <subfield code="w">Spain</subfield>
  </datafield>
  <datafield tag="700" ind1=" " ind2=" ">
    <subfield code="a">Carosi, A.</subfield>
    <subfield code="v">INAF National Institute for Astrophysics, I-00136 Rome, Italy</subfield>
    <subfield code="w">Italy</subfield>
  </datafield>
  <datafield tag="700" ind1=" " ind2=" ">
    <subfield code="a">Fidalgo, D. Carreto</subfield>
    <subfield code="v">Universität Würzburg, D-97074 Würzburg, Germany</subfield>
    <subfield code="w">Germany</subfield>
  </datafield>
  <datafield tag="700" ind1=" " ind2=" ">
    <subfield code="a">Colin, P.</subfield>
    <subfield code="v">Max-Planck-Institut für Physik, D-80805 München, Germany</subfield>
    <subfield code="w">Germany</subfield>
  </datafield>
  <datafield tag="700" ind1=" " ind2=" ">
    <subfield code="a">Colombo, E.</subfield>
    <subfield code="v">Inst. de Astrofísica de Canarias, E-38200 La Laguna, Tenerife, Spain</subfield>
    <subfield code="w">Spain</subfield>
  </datafield>
  <datafield tag="700" ind1=" " ind2=" ">
    <subfield code="a">Contreras, J.L.</subfield>
    <subfield code="v">Universidad Complutense, E-28040 Madrid, Spain</subfield>
    <subfield code="w">Spain</subfield>
  </datafield>
  <datafield tag="700" ind1=" " ind2=" ">
    <subfield code="a">Cortina, J.</subfield>
    <subfield code="v">IFAE, Campus UAB, E-08193 Bellaterra, Spain</subfield>
    <subfield code="w">Spain</subfield>
  </datafield>
  <datafield tag="700" ind1=" " ind2=" ">
    <subfield code="a">Covino, S.</subfield>
    <subfield code="v">INAF National Institute for Astrophysics, I-00136 Rome, Italy</subfield>
    <subfield code="w">Italy</subfield>
  </datafield>
  <datafield tag="700" ind1=" " ind2=" ">
    <subfield code="a">Da Vela, P.</subfield>
    <subfield code="v">Università  di Siena, and INFN Pisa, I-53100 Siena, Italy</subfield>
    <subfield code="w">Italy</subfield>
  </datafield>
  <datafield tag="700" ind1=" " ind2=" ">
    <subfield code="a">Dazzi, F.</subfield>
    <subfield code="v">Max-Planck-Institut für Physik, D-80805 München, Germany</subfield>
    <subfield code="w">Germany</subfield>
  </datafield>
  <datafield tag="700" ind1=" " ind2=" ">
    <subfield code="a">De Angelis, A.</subfield>
    <subfield code="v">Università di Udine, and INFN Trieste, I-33100 Udine, Italy</subfield>
    <subfield code="w">Italy</subfield>
  </datafield>
  <datafield tag="700" ind1=" " ind2=" ">
    <subfield code="a">De Caneva, G.</subfield>
    <subfield code="v">Deutsches Elektronen-Synchrotron (DESY), D-15738 Zeuthen, Germany</subfield>
    <subfield code="w">Germany</subfield>
  </datafield>
  <datafield tag="700" ind1=" " ind2=" ">
    <subfield code="a">De Lotto, B.</subfield>
    <subfield code="v">Università di Udine, and INFN Trieste, I-33100 Udine, Italy</subfield>
    <subfield code="w">Italy</subfield>
  </datafield>
  <datafield tag="700" ind1=" " ind2=" ">
    <subfield code="a">Mendez, C. Delgado</subfield>
    <subfield code="v">Centro de Investigaciones Energéticas, Medioambientales y Tecnológicas,  E-28040 Madrid, Spain</subfield>
    <subfield code="w">Spain</subfield>
  </datafield>
  <datafield tag="700" ind1=" " ind2=" ">
    <subfield code="a">Doert, M.</subfield>
    <subfield code="v">Technische Universität Dortmund, D-44221 Dortmund, Germany</subfield>
    <subfield code="w">Germany</subfield>
  </datafield>
  <datafield tag="700" ind1=" " ind2=" ">
    <subfield code="a">Domínguez, A.</subfield>
    <subfield code="v">Inst. de Astrofísica de Andalucía (CSIC), E-18080 Granada, Spain</subfield>
    <subfield code="v">now at Department of Physics &amp; Astronomy, UC Riverside, CA 92521, USA</subfield>
    <subfield code="w">USA</subfield>
    <subfield code="w">Spain</subfield>
  </datafield>
  <datafield tag="700" ind1=" " ind2=" ">
    <subfield code="a">Prester, D. Dominis</subfield>
    <subfield code="v">Croatian MAGIC Consortium, Rudjer Boskovic Institute, University of Rijeka  and University of Split, HR-10000 Zagreb, Croatia</subfield>
    <subfield code="w">Croatia</subfield>
  </datafield>
  <datafield tag="700" ind1=" " ind2=" ">
    <subfield code="a">Dorner, D.</subfield>
    <subfield code="v">Universität Würzburg, D-97074 Würzburg, Germany</subfield>
    <subfield code="w">Germany</subfield>
  </datafield>
  <datafield tag="700" ind1=" " ind2=" ">
    <subfield code="a">Doro, M.</subfield>
    <subfield code="v">Università di Padova and INFN, I-35131 Padova, Italy</subfield>
    <subfield code="w">Italy</subfield>
  </datafield>
  <datafield tag="700" ind1=" " ind2=" ">
    <subfield code="a">Einecke, S.</subfield>
    <subfield code="v">Technische Universität Dortmund, D-44221 Dortmund, Germany</subfield>
    <subfield code="w">Germany</subfield>
  </datafield>
  <datafield tag="700" ind1=" " ind2=" ">
    <subfield code="a">Eisenacher, D.</subfield>
    <subfield code="v">Universität Würzburg, D-97074 Würzburg, Germany</subfield>
    <subfield code="w">Germany</subfield>
  </datafield>
  <datafield tag="700" ind1=" " ind2=" ">
    <subfield code="a">Elsaesser, D.</subfield>
    <subfield code="v">Universität Würzburg, D-97074 Würzburg, Germany</subfield>
    <subfield code="w">Germany</subfield>
  </datafield>
  <datafield tag="700" ind1=" " ind2=" ">
    <subfield code="a">Farina, E.</subfield>
    <subfield code="v">Università dell'Insubria, Como, I-22100 Como, Italy</subfield>
    <subfield code="w">Italy</subfield>
  </datafield>
  <datafield tag="700" ind1=" " ind2=" ">
    <subfield code="a">Ferenc, D.</subfield>
    <subfield code="v">Croatian MAGIC Consortium, Rudjer Boskovic Institute, University of Rijeka  and University of Split, HR-10000 Zagreb, Croatia</subfield>
    <subfield code="w">Croatia</subfield>
  </datafield>
  <datafield tag="700" ind1=" " ind2=" ">
    <subfield code="a">Fonseca, M.V.</subfield>
    <subfield code="v">Universidad Complutense, E-28040 Madrid, Spain</subfield>
    <subfield code="w">Spain</subfield>
  </datafield>
  <datafield tag="700" ind1=" " ind2=" ">
    <subfield code="a">Font, L.</subfield>
    <subfield code="v">Unitat de Física de les Radiacions, Departament de Física, and CERES-IEEC,  Universitat Autònoma de Barcelona, E-08193 Bellaterra, Spain</subfield>
    <subfield code="w">Spain</subfield>
  </datafield>
  <datafield tag="700" ind1=" " ind2=" ">
    <subfield code="a">Frantzen, K.</subfield>
    <subfield code="v">Technische Universität Dortmund, D-44221 Dortmund, Germany</subfield>
    <subfield code="w">Germany</subfield>
  </datafield>
  <datafield tag="700" ind1=" " ind2=" ">
    <subfield code="a">Fruck, C.</subfield>
    <subfield code="v">Max-Planck-Institut für Physik, D-80805 München, Germany</subfield>
    <subfield code="w">Germany</subfield>
  </datafield>
  <datafield tag="700" ind1=" " ind2=" ">
    <subfield code="a">López, R.J. García</subfield>
    <subfield code="v">Inst. de Astrofísica de Canarias, E-38200 La Laguna, Tenerife, Spain</subfield>
    <subfield code="w">Spain</subfield>
  </datafield>
  <datafield tag="700" ind1=" " ind2=" ">
    <subfield code="a">Garczarczyk, M.</subfield>
    <subfield code="v">Deutsches Elektronen-Synchrotron (DESY), D-15738 Zeuthen, Germany</subfield>
    <subfield code="w">Germany</subfield>
  </datafield>
  <datafield tag="700" ind1=" " ind2=" ">
    <subfield code="a">Terrats, D. Garrido</subfield>
    <subfield code="v">Unitat de Física de les Radiacions, Departament de Física, and CERES-IEEC,  Universitat Autònoma de Barcelona, E-08193 Bellaterra, Spain</subfield>
    <subfield code="w">Spain</subfield>
  </datafield>
  <datafield tag="700" ind1=" " ind2=" ">
    <subfield code="a">Gaug, M.</subfield>
    <subfield code="v">Unitat de Física de les Radiacions, Departament de Física, and CERES-IEEC,  Universitat Autònoma de Barcelona, E-08193 Bellaterra, Spain</subfield>
    <subfield code="w">Spain</subfield>
  </datafield>
  <datafield tag="700" ind1=" " ind2=" ">
    <subfield code="a">Giavitto, G.</subfield>
    <subfield code="v">IFAE, Campus UAB, E-08193 Bellaterra, Spain</subfield>
    <subfield code="w">Spain</subfield>
  </datafield>
  <datafield tag="700" ind1=" " ind2=" ">
    <subfield code="a">Godinović, N.</subfield>
    <subfield code="v">Croatian MAGIC Consortium, Rudjer Boskovic Institute, University of Rijeka  and University of Split, HR-10000 Zagreb, Croatia</subfield>
    <subfield code="w">Croatia</subfield>
  </datafield>
  <datafield tag="700" ind1=" " ind2=" ">
    <subfield code="a">Muñoz, A. González</subfield>
    <subfield code="v">IFAE, Campus UAB, E-08193 Bellaterra, Spain</subfield>
    <subfield code="w">Spain</subfield>
  </datafield>
  <datafield tag="700" ind1=" " ind2=" ">
    <subfield code="a">Gozzini, S.R.</subfield>
    <subfield code="v">Deutsches Elektronen-Synchrotron (DESY), D-15738 Zeuthen, Germany</subfield>
    <subfield code="w">Germany</subfield>
  </datafield>
  <datafield tag="700" ind1=" " ind2=" ">
    <subfield code="a">Hadasch, D.</subfield>
    <subfield code="v">Institut de Ciències de l'Espai (IEEC-CSIC), E-08193 Bellaterra, Spain</subfield>
    <subfield code="w">Spain</subfield>
  </datafield>
  <datafield tag="700" ind1=" " ind2=" ">
    <subfield code="a">Hayashida, M.</subfield>
    <subfield code="v">Japanese MAGIC Consortium, Division of Physics and Astronomy, Kyoto University, Japan</subfield>
    <subfield code="w">Japan</subfield>
  </datafield>
  <datafield tag="700" ind1=" " ind2=" ">
    <subfield code="a">Herrero, A.</subfield>
    <subfield code="v">Inst. de Astrofísica de Canarias, E-38200 La Laguna, Tenerife, Spain</subfield>
    <subfield code="w">Spain</subfield>
  </datafield>
  <datafield tag="700" ind1=" " ind2=" ">
    <subfield code="a">Hildebrand, D.</subfield>
    <subfield code="v">ETH Zurich, CH-8093 Zurich, Switzerland</subfield>
    <subfield code="w">Switzerland</subfield>
  </datafield>
  <datafield tag="700" ind1=" " ind2=" ">
    <subfield code="a">Hose, J.</subfield>
    <subfield code="v">Max-Planck-Institut für Physik, D-80805 München, Germany</subfield>
    <subfield code="w">Germany</subfield>
  </datafield>
  <datafield tag="700" ind1=" " ind2=" ">
    <subfield code="a">Hrupec, D.</subfield>
    <subfield code="v">Croatian MAGIC Consortium, Rudjer Boskovic Institute, University of Rijeka  and University of Split, HR-10000 Zagreb, Croatia</subfield>
    <subfield code="w">Croatia</subfield>
  </datafield>
  <datafield tag="700" ind1=" " ind2=" ">
    <subfield code="a">Idec, W.</subfield>
    <subfield code="v">University of Łódź, PL-90236 Lodz, Poland</subfield>
    <subfield code="w">Poland</subfield>
  </datafield>
  <datafield tag="700" ind1=" " ind2=" ">
    <subfield code="a">Kadenius, V.</subfield>
    <subfield code="v">Finnish MAGIC Consortium, Tuorla Observatory, University of Turku  and Department of Physics, University of Oulu, Finland</subfield>
    <subfield code="w">Finland</subfield>
  </datafield>
  <datafield tag="700" ind1=" " ind2=" ">
    <subfield code="a">Kellermann, H.</subfield>
    <subfield code="v">Max-Planck-Institut für Physik, D-80805 München, Germany</subfield>
    <subfield code="w">Germany</subfield>
  </datafield>
  <datafield tag="700" ind1=" " ind2=" ">
    <subfield code="a">Kodani, K.</subfield>
    <subfield code="v">Japanese MAGIC Consortium, Division of Physics and Astronomy, Kyoto University, Japan</subfield>
    <subfield code="w">Japan</subfield>
  </datafield>
  <datafield tag="700" ind1=" " ind2=" ">
    <subfield code="a">Konno, Y.</subfield>
    <subfield code="v">Japanese MAGIC Consortium, Division of Physics and Astronomy, Kyoto University, Japan</subfield>
    <subfield code="w">Japan</subfield>
  </datafield>
  <datafield tag="700" ind1=" " ind2=" ">
    <subfield code="a">Krause, J.</subfield>
    <subfield code="v">Max-Planck-Institut für Physik, D-80805 München, Germany</subfield>
    <subfield code="w">Germany</subfield>
  </datafield>
  <datafield tag="700" ind1=" " ind2=" ">
    <subfield code="a">Kubo, H.</subfield>
    <subfield code="v">Japanese MAGIC Consortium, Division of Physics and Astronomy, Kyoto University, Japan</subfield>
    <subfield code="w">Japan</subfield>
  </datafield>
  <datafield tag="700" ind1=" " ind2=" ">
    <subfield code="a">Kushida, J.</subfield>
    <subfield code="v">Japanese MAGIC Consortium, Division of Physics and Astronomy, Kyoto University, Japan</subfield>
    <subfield code="w">Japan</subfield>
  </datafield>
  <datafield tag="700" ind1=" " ind2=" ">
    <subfield code="a">La Barbera, A.</subfield>
    <subfield code="v">INAF National Institute for Astrophysics, I-00136 Rome, Italy</subfield>
    <subfield code="w">Italy</subfield>
  </datafield>
  <datafield tag="700" ind1=" " ind2=" ">
    <subfield code="a">Lelas, D.</subfield>
    <subfield code="v">Croatian MAGIC Consortium, Rudjer Boskovic Institute, University of Rijeka  and University of Split, HR-10000 Zagreb, Croatia</subfield>
    <subfield code="w">Croatia</subfield>
  </datafield>
  <datafield tag="700" ind1=" " ind2=" ">
    <subfield code="a">Lewandowska, N.</subfield>
    <subfield code="v">Universität Würzburg, D-97074 Würzburg, Germany</subfield>
    <subfield code="w">Germany</subfield>
  </datafield>
  <datafield tag="700" ind1=" " ind2=" ">
    <subfield code="a">Lindfors, E.</subfield>
    <subfield code="v">Finnish MAGIC Consortium, Tuorla Observatory, University of Turku  and Department of Physics, University of Oulu, Finland</subfield>
    <subfield code="v">now at Finnish Centre for Astronomy with ESO (FINCA), Turku, Finland</subfield>
    <subfield code="w">Finland</subfield>
  </datafield>
  <datafield tag="700" ind1=" " ind2=" ">
    <subfield code="a">Lombardi, S.</subfield>
    <subfield code="v">INAF National Institute for Astrophysics, I-00136 Rome, Italy</subfield>
    <subfield code="w">Italy</subfield>
  </datafield>
  <datafield tag="700" ind1=" " ind2=" ">
    <subfield code="a">López, M.</subfield>
    <subfield code="v">Universidad Complutense, E-28040 Madrid, Spain</subfield>
    <subfield code="w">Spain</subfield>
  </datafield>
  <datafield tag="700" ind1=" " ind2=" ">
    <subfield code="a">López-Coto, R.</subfield>
    <subfield code="v">IFAE, Campus UAB, E-08193 Bellaterra, Spain</subfield>
    <subfield code="w">Spain</subfield>
  </datafield>
  <datafield tag="700" ind1=" " ind2=" ">
    <subfield code="a">López-Oramas, A.</subfield>
    <subfield code="v">IFAE, Campus UAB, E-08193 Bellaterra, Spain</subfield>
    <subfield code="w">Spain</subfield>
  </datafield>
  <datafield tag="700" ind1=" " ind2=" ">
    <subfield code="a">Lorenz, E.</subfield>
    <subfield code="v">Max-Planck-Institut für Physik, D-80805 München, Germany</subfield>
    <subfield code="w">Germany</subfield>
  </datafield>
  <datafield tag="700" ind1=" " ind2=" ">
    <subfield code="a">Lozano, I.</subfield>
    <subfield code="v">Universidad Complutense, E-28040 Madrid, Spain</subfield>
    <subfield code="w">Spain</subfield>
  </datafield>
  <datafield tag="700" ind1=" " ind2=" ">
    <subfield code="a">Makariev, M.</subfield>
    <subfield code="v">Inst. for Nucl. Research and Nucl. Energy, BG-1784 Sofia, Bulgaria</subfield>
    <subfield code="w">Bulgaria</subfield>
  </datafield>
  <datafield tag="700" ind1=" " ind2=" ">
    <subfield code="a">Mallot, K.</subfield>
    <subfield code="v">Deutsches Elektronen-Synchrotron (DESY), D-15738 Zeuthen, Germany</subfield>
    <subfield code="w">Germany</subfield>
  </datafield>
  <datafield tag="700" ind1=" " ind2=" ">
    <subfield code="a">Maneva, G.</subfield>
    <subfield code="v">Inst. for Nucl. Research and Nucl. Energy, BG-1784 Sofia, Bulgaria</subfield>
    <subfield code="w">Bulgaria</subfield>
  </datafield>
  <datafield tag="700" ind1=" " ind2=" ">
    <subfield code="a">Mankuzhiyil, N.</subfield>
    <subfield code="v">Università di Udine, and INFN Trieste, I-33100 Udine, Italy</subfield>
    <subfield code="w">Italy</subfield>
  </datafield>
  <datafield tag="700" ind1=" " ind2=" ">
    <subfield code="a">Mannheim, K.</subfield>
    <subfield code="v">Universität Würzburg, D-97074 Würzburg, Germany</subfield>
    <subfield code="w">Germany</subfield>
  </datafield>
  <datafield tag="700" ind1=" " ind2=" ">
    <subfield code="a">Maraschi, L.</subfield>
    <subfield code="v">INAF National Institute for Astrophysics, I-00136 Rome, Italy</subfield>
    <subfield code="w">Italy</subfield>
  </datafield>
  <datafield tag="700" ind1=" " ind2=" ">
    <subfield code="a">Marcote, B.</subfield>
    <subfield code="v">Universitat de Barcelona, ICC, IEEC-UB, E-08028 Barcelona, Spain</subfield>
    <subfield code="w">Spain</subfield>
  </datafield>
  <datafield tag="700" ind1=" " ind2=" ">
    <subfield code="a">Mariotti, M.</subfield>
    <subfield code="v">Università di Padova and INFN, I-35131 Padova, Italy</subfield>
    <subfield code="w">Italy</subfield>
  </datafield>
  <datafield tag="700" ind1=" " ind2=" ">
    <subfield code="a">Martínez, M.</subfield>
    <subfield code="v">IFAE, Campus UAB, E-08193 Bellaterra, Spain</subfield>
    <subfield code="w">Spain</subfield>
  </datafield>
  <datafield tag="700" ind1=" " ind2=" ">
    <subfield code="a">Mazin, D.</subfield>
    <subfield code="v">Max-Planck-Institut für Physik, D-80805 München, Germany</subfield>
    <subfield code="w">Germany</subfield>
  </datafield>
  <datafield tag="700" ind1=" " ind2=" ">
    <subfield code="a">Menzel, U.</subfield>
    <subfield code="v">Max-Planck-Institut für Physik, D-80805 München, Germany</subfield>
    <subfield code="w">Germany</subfield>
  </datafield>
  <datafield tag="700" ind1=" " ind2=" ">
    <subfield code="a">Meucci, M.</subfield>
    <subfield code="v">Università  di Siena, and INFN Pisa, I-53100 Siena, Italy</subfield>
    <subfield code="w">Italy</subfield>
  </datafield>
  <datafield tag="700" ind1=" " ind2=" ">
    <subfield code="a">Miranda, J.M.</subfield>
    <subfield code="v">Università  di Siena, and INFN Pisa, I-53100 Siena, Italy</subfield>
    <subfield code="w">Italy</subfield>
  </datafield>
  <datafield tag="700" ind1=" " ind2=" ">
    <subfield code="a">Mirzoyan, R.</subfield>
    <subfield code="v">Max-Planck-Institut für Physik, D-80805 München, Germany</subfield>
    <subfield code="w">Germany</subfield>
  </datafield>
  <datafield tag="700" ind1=" " ind2=" ">
    <subfield code="a">Moralejo, A.</subfield>
    <subfield code="v">IFAE, Campus UAB, E-08193 Bellaterra, Spain</subfield>
    <subfield code="w">Spain</subfield>
  </datafield>
  <datafield tag="700" ind1=" " ind2=" ">
    <subfield code="a">Munar-Adrover, P.</subfield>
    <subfield code="v">Universitat de Barcelona, ICC, IEEC-UB, E-08028 Barcelona, Spain</subfield>
    <subfield code="w">Spain</subfield>
  </datafield>
  <datafield tag="700" ind1=" " ind2=" ">
    <subfield code="a">Nakajima, D.</subfield>
    <subfield code="v">Japanese MAGIC Consortium, Division of Physics and Astronomy, Kyoto University, Japan</subfield>
    <subfield code="w">Japan</subfield>
  </datafield>
  <datafield tag="700" ind1=" " ind2=" ">
    <subfield code="a">Niedzwiecki, A.</subfield>
    <subfield code="v">University of Łódź, PL-90236 Lodz, Poland</subfield>
    <subfield code="w">Poland</subfield>
  </datafield>
  <datafield tag="700" ind1=" " ind2=" ">
    <subfield code="a">Nilsson, K.</subfield>
    <subfield code="v">Finnish MAGIC Consortium, Tuorla Observatory, University of Turku  and Department of Physics, University of Oulu, Finland</subfield>
    <subfield code="v">now at Finnish Centre for Astronomy with ESO (FINCA), Turku, Finland</subfield>
    <subfield code="w">Finland</subfield>
  </datafield>
  <datafield tag="700" ind1=" " ind2=" ">
    <subfield code="a">Nishijima, K.</subfield>
    <subfield code="v">Japanese MAGIC Consortium, Division of Physics and Astronomy, Kyoto University, Japan</subfield>
    <subfield code="w">Japan</subfield>
  </datafield>
  <datafield tag="700" ind1=" " ind2=" ">
    <subfield code="a">Nowak, N.</subfield>
    <subfield code="v">Max-Planck-Institut für Physik, D-80805 München, Germany</subfield>
    <subfield code="w">Germany</subfield>
  </datafield>
  <datafield tag="700" ind1=" " ind2=" ">
    <subfield code="a">Orito, R.</subfield>
    <subfield code="v">Japanese MAGIC Consortium, Division of Physics and Astronomy, Kyoto University, Japan</subfield>
    <subfield code="w">Japan</subfield>
  </datafield>
  <datafield tag="700" ind1=" " ind2=" ">
    <subfield code="a">Overkemping, A.</subfield>
    <subfield code="v">Technische Universität Dortmund, D-44221 Dortmund, Germany</subfield>
    <subfield code="w">Germany</subfield>
  </datafield>
  <datafield tag="700" ind1=" " ind2=" ">
    <subfield code="a">Paiano, S.</subfield>
    <subfield code="v">Università di Padova and INFN, I-35131 Padova, Italy</subfield>
    <subfield code="w">Italy</subfield>
  </datafield>
  <datafield tag="700" ind1=" " ind2=" ">
    <subfield code="a">Palatiello, M.</subfield>
    <subfield code="v">Università di Udine, and INFN Trieste, I-33100 Udine, Italy</subfield>
    <subfield code="w">Italy</subfield>
  </datafield>
  <datafield tag="700" ind1=" " ind2=" ">
    <subfield code="a">Paneque, D.</subfield>
    <subfield code="v">Max-Planck-Institut für Physik, D-80805 München, Germany</subfield>
    <subfield code="w">Germany</subfield>
  </datafield>
  <datafield tag="700" ind1=" " ind2=" ">
    <subfield code="a">Paoletti, R.</subfield>
    <subfield code="v">Università  di Siena, and INFN Pisa, I-53100 Siena, Italy</subfield>
    <subfield code="w">Italy</subfield>
  </datafield>
  <datafield tag="700" ind1=" " ind2=" ">
    <subfield code="a">Paredes, J.M.</subfield>
    <subfield code="v">Universitat de Barcelona, ICC, IEEC-UB, E-08028 Barcelona, Spain</subfield>
    <subfield code="w">Spain</subfield>
  </datafield>
  <datafield tag="700" ind1=" " ind2=" ">
    <subfield code="a">Paredes-Fortuny, X.</subfield>
    <subfield code="v">Universitat de Barcelona, ICC, IEEC-UB, E-08028 Barcelona, Spain</subfield>
    <subfield code="w">Spain</subfield>
  </datafield>
  <datafield tag="700" ind1=" " ind2=" ">
    <subfield code="a">Partini, S.</subfield>
    <subfield code="v">Università  di Siena, and INFN Pisa, I-53100 Siena, Italy</subfield>
    <subfield code="w">Italy</subfield>
  </datafield>
  <datafield tag="700" ind1=" " ind2=" ">
    <subfield code="a">Persic, M.</subfield>
    <subfield code="v">Università di Udine, and INFN Trieste, I-33100 Udine, Italy</subfield>
    <subfield code="v">also at INAF-Trieste, Italy</subfield>
    <subfield code="w">Italy</subfield>
  </datafield>
  <datafield tag="700" ind1=" " ind2=" ">
    <subfield code="a">Prada, F.</subfield>
    <subfield code="v">Inst. de Astrofísica de Andalucía (CSIC), E-18080 Granada, Spain</subfield>
    <subfield code="v">also at Instituto de Fisica Teorica, UAM/CSIC, E-28049 Madrid, Spain</subfield>
    <subfield code="w">Spain</subfield>
  </datafield>
  <datafield tag="700" ind1=" " ind2=" ">
    <subfield code="a">Moroni, P. G. Prada</subfield>
    <subfield code="v">Università di Pisa, and INFN Pisa, I-56126 Pisa, Italy</subfield>
    <subfield code="w">Italy</subfield>
  </datafield>
  <datafield tag="700" ind1=" " ind2=" ">
    <subfield code="a">Prandini, E.</subfield>
    <subfield code="v">Università di Padova and INFN, I-35131 Padova, Italy</subfield>
    <subfield code="w">Italy</subfield>
  </datafield>
  <datafield tag="700" ind1=" " ind2=" ">
    <subfield code="a">Preziuso, S.</subfield>
    <subfield code="v">Università  di Siena, and INFN Pisa, I-53100 Siena, Italy</subfield>
    <subfield code="w">Italy</subfield>
  </datafield>
  <datafield tag="700" ind1=" " ind2=" ">
    <subfield code="a">Puljak, I.</subfield>
    <subfield code="v">Croatian MAGIC Consortium, Rudjer Boskovic Institute, University of Rijeka  and University of Split, HR-10000 Zagreb, Croatia</subfield>
    <subfield code="w">Croatia</subfield>
  </datafield>
  <datafield tag="700" ind1=" " ind2=" ">
    <subfield code="a">Reinthal, R.</subfield>
    <subfield code="v">Finnish MAGIC Consortium, Tuorla Observatory, University of Turku  and Department of Physics, University of Oulu, Finland</subfield>
    <subfield code="w">Finland</subfield>
  </datafield>
  <datafield tag="700" ind1=" " ind2=" ">
    <subfield code="a">Rhode, W.</subfield>
    <subfield code="v">Technische Universität Dortmund, D-44221 Dortmund, Germany</subfield>
    <subfield code="w">Germany</subfield>
  </datafield>
  <datafield tag="700" ind1=" " ind2=" ">
    <subfield code="a">Ribó, M.</subfield>
    <subfield code="v">Universitat de Barcelona, ICC, IEEC-UB, E-08028 Barcelona, Spain</subfield>
    <subfield code="w">Spain</subfield>
  </datafield>
  <datafield tag="700" ind1=" " ind2=" ">
    <subfield code="a">Rico, J.</subfield>
    <subfield code="v">IFAE, Campus UAB, E-08193 Bellaterra, Spain</subfield>
    <subfield code="w">Spain</subfield>
  </datafield>
  <datafield tag="700" ind1=" " ind2=" ">
    <subfield code="a">Garcia, J. Rodriguez</subfield>
    <subfield code="v">Max-Planck-Institut für Physik, D-80805 München, Germany</subfield>
    <subfield code="w">Germany</subfield>
  </datafield>
  <datafield tag="700" ind1=" " ind2=" ">
    <subfield code="a">Rügamer, S.</subfield>
    <subfield code="v">Universität Würzburg, D-97074 Würzburg, Germany</subfield>
    <subfield code="w">Germany</subfield>
  </datafield>
  <datafield tag="700" ind1=" " ind2=" ">
    <subfield code="a">Saggion, A.</subfield>
    <subfield code="v">Università di Padova and INFN, I-35131 Padova, Italy</subfield>
    <subfield code="w">Italy</subfield>
  </datafield>
  <datafield tag="700" ind1=" " ind2=" ">
    <subfield code="a">Saito, T.</subfield>
    <subfield code="v">Japanese MAGIC Consortium, Division of Physics and Astronomy, Kyoto University, Japan</subfield>
    <subfield code="w">Japan</subfield>
  </datafield>
  <datafield tag="700" ind1=" " ind2=" ">
    <subfield code="a">Saito, K.</subfield>
    <subfield code="v">Japanese MAGIC Consortium, Division of Physics and Astronomy, Kyoto University, Japan</subfield>
    <subfield code="w">Japan</subfield>
  </datafield>
  <datafield tag="700" ind1=" " ind2=" ">
    <subfield code="a">Salvati, M.</subfield>
    <subfield code="v">INAF National Institute for Astrophysics, I-00136 Rome, Italy</subfield>
    <subfield code="w">Italy</subfield>
  </datafield>
  <datafield tag="700" ind1=" " ind2=" ">
    <subfield code="a">Satalecka, K.</subfield>
    <subfield code="v">Universidad Complutense, E-28040 Madrid, Spain</subfield>
    <subfield code="w">Spain</subfield>
  </datafield>
  <datafield tag="700" ind1=" " ind2=" ">
    <subfield code="a">Scalzotto, V.</subfield>
    <subfield code="v">Università di Padova and INFN, I-35131 Padova, Italy</subfield>
    <subfield code="w">Italy</subfield>
  </datafield>
  <datafield tag="700" ind1=" " ind2=" ">
    <subfield code="a">Scapin, V.</subfield>
    <subfield code="v">Universidad Complutense, E-28040 Madrid, Spain</subfield>
    <subfield code="w">Spain</subfield>
  </datafield>
  <datafield tag="700" ind1=" " ind2=" ">
    <subfield code="a">Schultz, C.</subfield>
    <subfield code="v">Università di Padova and INFN, I-35131 Padova, Italy</subfield>
    <subfield code="w">Italy</subfield>
  </datafield>
  <datafield tag="700" ind1=" " ind2=" ">
    <subfield code="a">Schweizer, T.</subfield>
    <subfield code="v">Max-Planck-Institut für Physik, D-80805 München, Germany</subfield>
    <subfield code="w">Germany</subfield>
  </datafield>
  <datafield tag="700" ind1=" " ind2=" ">
    <subfield code="a">Sillanpää, A.</subfield>
    <subfield code="v">Finnish MAGIC Consortium, Tuorla Observatory, University of Turku  and Department of Physics, University of Oulu, Finland</subfield>
    <subfield code="w">Finland</subfield>
  </datafield>
  <datafield tag="700" ind1=" " ind2=" ">
    <subfield code="a">Sitarek, J.</subfield>
    <subfield code="v">IFAE, Campus UAB, E-08193 Bellaterra, Spain</subfield>
    <subfield code="w">Spain</subfield>
  </datafield>
  <datafield tag="700" ind1=" " ind2=" ">
    <subfield code="a">Snidaric, I.</subfield>
    <subfield code="v">Croatian MAGIC Consortium, Rudjer Boskovic Institute, University of Rijeka  and University of Split, HR-10000 Zagreb, Croatia</subfield>
    <subfield code="w">Croatia</subfield>
  </datafield>
  <datafield tag="700" ind1=" " ind2=" ">
    <subfield code="a">Sobczynska, D.</subfield>
    <subfield code="v">University of Łódź, PL-90236 Lodz, Poland</subfield>
    <subfield code="w">Poland</subfield>
  </datafield>
  <datafield tag="700" ind1=" " ind2=" ">
    <subfield code="a">Spanier, F.</subfield>
    <subfield code="v">Universität Würzburg, D-97074 Würzburg, Germany</subfield>
    <subfield code="w">Germany</subfield>
  </datafield>
  <datafield tag="700" ind1=" " ind2=" ">
    <subfield code="a">Stamatescu, V.</subfield>
    <subfield code="v">IFAE, Campus UAB, E-08193 Bellaterra, Spain</subfield>
    <subfield code="w">Spain</subfield>
  </datafield>
  <datafield tag="700" ind1=" " ind2=" ">
    <subfield code="a">Stamerra, A.</subfield>
    <subfield code="v">INAF National Institute for Astrophysics, I-00136 Rome, Italy</subfield>
    <subfield code="w">Italy</subfield>
  </datafield>
  <datafield tag="700" ind1=" " ind2=" ">
    <subfield code="a">Steinbring, T.</subfield>
    <subfield code="v">Universität Würzburg, D-97074 Würzburg, Germany</subfield>
    <subfield code="w">Germany</subfield>
  </datafield>
  <datafield tag="700" ind1=" " ind2=" ">
    <subfield code="a">Storz, J.</subfield>
    <subfield code="v">Universität Würzburg, D-97074 Würzburg, Germany</subfield>
    <subfield code="w">Germany</subfield>
  </datafield>
  <datafield tag="700" ind1=" " ind2=" ">
    <subfield code="a">Sun, S.</subfield>
    <subfield code="v">Max-Planck-Institut für Physik, D-80805 München, Germany</subfield>
    <subfield code="w">Germany</subfield>
  </datafield>
  <datafield tag="700" ind1=" " ind2=" ">
    <subfield code="a">Surić, T.</subfield>
    <subfield code="v">Croatian MAGIC Consortium, Rudjer Boskovic Institute, University of Rijeka  and University of Split, HR-10000 Zagreb, Croatia</subfield>
    <subfield code="w">Croatia</subfield>
  </datafield>
  <datafield tag="700" ind1=" " ind2=" ">
    <subfield code="a">Takalo, L.</subfield>
    <subfield code="v">Finnish MAGIC Consortium, Tuorla Observatory, University of Turku  and Department of Physics, University of Oulu, Finland</subfield>
    <subfield code="w">Finland</subfield>
  </datafield>
  <datafield tag="700" ind1=" " ind2=" ">
    <subfield code="a">Takami, H.</subfield>
    <subfield code="v">Japanese MAGIC Consortium, Division of Physics and Astronomy, Kyoto University, Japan</subfield>
    <subfield code="w">Japan</subfield>
  </datafield>
  <datafield tag="700" ind1=" " ind2=" ">
    <subfield code="a">Tavecchio, F.</subfield>
    <subfield code="v">INAF National Institute for Astrophysics, I-00136 Rome, Italy</subfield>
    <subfield code="w">Italy</subfield>
  </datafield>
  <datafield tag="700" ind1=" " ind2=" ">
    <subfield code="a">Temnikov, P.</subfield>
    <subfield code="v">Inst. for Nucl. Research and Nucl. Energy, BG-1784 Sofia, Bulgaria</subfield>
    <subfield code="w">Bulgaria</subfield>
  </datafield>
  <datafield tag="700" ind1=" " ind2=" ">
    <subfield code="a">Terzić, T.</subfield>
    <subfield code="v">Croatian MAGIC Consortium, Rudjer Boskovic Institute, University of Rijeka  and University of Split, HR-10000 Zagreb, Croatia</subfield>
    <subfield code="w">Croatia</subfield>
  </datafield>
  <datafield tag="700" ind1=" " ind2=" ">
    <subfield code="a">Tescaro, D.</subfield>
    <subfield code="v">Inst. de Astrofísica de Canarias, E-38200 La Laguna, Tenerife, Spain</subfield>
    <subfield code="w">Spain</subfield>
  </datafield>
  <datafield tag="700" ind1=" " ind2=" ">
    <subfield code="a">Teshima, M.</subfield>
    <subfield code="v">Max-Planck-Institut für Physik, D-80805 München, Germany</subfield>
    <subfield code="w">Germany</subfield>
  </datafield>
  <datafield tag="700" ind1=" " ind2=" ">
    <subfield code="a">Thaele, J.</subfield>
    <subfield code="v">Technische Universität Dortmund, D-44221 Dortmund, Germany</subfield>
    <subfield code="w">Germany</subfield>
  </datafield>
  <datafield tag="700" ind1=" " ind2=" ">
    <subfield code="a">Tibolla, O.</subfield>
    <subfield code="v">Universität Würzburg, D-97074 Würzburg, Germany</subfield>
    <subfield code="w">Germany</subfield>
  </datafield>
  <datafield tag="700" ind1=" " ind2=" ">
    <subfield code="a">Torres, D.F.</subfield>
    <subfield code="v">Institut de Ciències de l'Espai (IEEC-CSIC), E-08193 Bellaterra, Spain</subfield>
    <subfield code="w">Spain</subfield>
  </datafield>
  <datafield tag="700" ind1=" " ind2=" ">
    <subfield code="a">Toyama, T.</subfield>
    <subfield code="v">Max-Planck-Institut für Physik, D-80805 München, Germany</subfield>
    <subfield code="w">Germany</subfield>
  </datafield>
  <datafield tag="700" ind1=" " ind2=" ">
    <subfield code="a">Treves, A.</subfield>
    <subfield code="v">Università dell'Insubria, Como, I-22100 Como, Italy</subfield>
    <subfield code="w">Italy</subfield>
  </datafield>
  <datafield tag="700" ind1=" " ind2=" ">
    <subfield code="a">Uellenbeck, M.</subfield>
    <subfield code="v">Technische Universität Dortmund, D-44221 Dortmund, Germany</subfield>
    <subfield code="w">Germany</subfield>
  </datafield>
  <datafield tag="700" ind1=" " ind2=" ">
    <subfield code="a">Vogler, P.</subfield>
    <subfield code="v">ETH Zurich, CH-8093 Zurich, Switzerland</subfield>
    <subfield code="w">Switzerland</subfield>
  </datafield>
  <datafield tag="700" ind1=" " ind2=" ">
    <subfield code="a">Wagner, R.M.</subfield>
    <subfield code="v">Max-Planck-Institut für Physik, D-80805 München, Germany</subfield>
    <subfield code="v">now at: Stockholm University, Oskar Klein Centre for Cosmoparticle Physics,  SE-106 91 Stockholm, Sweden</subfield>
    <subfield code="w">Sweden</subfield>
    <subfield code="w">Germany</subfield>
  </datafield>
  <datafield tag="700" ind1=" " ind2=" ">
    <subfield code="a">Zandanel, F.</subfield>
    <subfield code="v">Inst. de Astrofísica de Andalucía (CSIC), E-18080 Granada, Spain</subfield>
    <subfield code="v">now at GRAPPA Institute, University of Amsterdam, 1098XH Amsterdam, Netherlands</subfield>
    <subfield code="w">Netherlands</subfield>
    <subfield code="w">Spain</subfield>
  </datafield>
  <datafield tag="700" ind1=" " ind2=" ">
    <subfield code="a">Zanin, R.</subfield>
    <subfield code="v">Universitat de Barcelona, ICC, IEEC-UB, E-08028 Barcelona, Spain</subfield>
    <subfield code="w">Spain</subfield>
  </datafield>
  <datafield tag="700" ind1=" " ind2=" ">
    <subfield code="a">Ibarra, A.</subfield>
    <subfield code="v">Physik-Department T30d, Technische Universität  München,  James-Franck-Straße, 85748 Garching, Germany</subfield>
    <subfield code="w">Germany</subfield>
  </datafield>
  <datafield tag="773" ind1=" " ind2=" ">
    <subfield code="c">008</subfield>
    <subfield code="n">02</subfield>
    <subfield code="p">JCAP</subfield>
    <subfield code="v">1402</subfield>
    <subfield code="y">2014</subfield>
  </datafield>
  <datafield tag="856" ind1="4" ind2=" ">
    <subfield code="s">141407</subfield>
    <subfield code="u">http://repo.scoap3.org/record/1265/files/fulltext.xml</subfield>
  </datafield>
  <datafield tag="856" ind1="4" ind2=" ">
    <subfield code="s">678130</subfield>
    <subfield code="u">http://repo.scoap3.org/record/1265/files/fulltext.pdf</subfield>
  </datafield>
  <datafield tag="909" ind1="C" ind2="O">
    <subfield code="o">oai:repo.scoap3.org:1265</subfield>
    <subfield code="p">GLOBAL_SET</subfield>
    <subfield code="p">JOURNAL_OF_COSMOLOGY_AND_ASTROPARTICLE_PHYSICS</subfield>
  </datafield>
  <datafield tag="980" ind1=" " ind2=" ">
    <subfield code="a">SCOAP3</subfield>
    <subfield code="b">IOP</subfield>
  </datafield>
</record>