
<record>
  <controlfield tag="001">1091</controlfield>
  <controlfield tag="005">20150408142624.0</controlfield>
  <datafield tag="022" ind1=" " ind2=" ">
    <subfield code="a">1475-7516</subfield>
  </datafield>
  <datafield tag="024" ind1="7" ind2=" ">
    <subfield code="a">10.1088/1475-7516/2014/01/039</subfield>
    <subfield code="2">DOI</subfield>
  </datafield>
  <datafield tag="035" ind1=" " ind2=" ">
    <subfield code="a">1229361</subfield>
    <subfield code="9">INSPIRE</subfield>
  </datafield>
  <datafield tag="037" ind1=" " ind2=" ">
    <subfield code="a">arXiv:1304.5527</subfield>
    <subfield code="9">arXiv</subfield>
  </datafield>
  <datafield tag="100" ind1=" " ind2=" ">
    <subfield code="a">Hinterbichler, Kurt</subfield>
    <subfield code="v">Perimeter Institute for Theoretical Physics,  31 Caroline St. N, Waterloo, Ontario, N2L 2Y5, Canada</subfield>
    <subfield code="w">Canada</subfield>
  </datafield>
  <datafield tag="773" ind1=" " ind2=" ">
    <subfield code="p">JCAP</subfield>
    <subfield code="v">1401</subfield>
    <subfield code="n">01</subfield>
    <subfield code="c">039</subfield>
    <subfield code="y">2014</subfield>
  </datafield>
  <datafield tag="245" ind1=" " ind2=" ">
    <subfield code="a">
An infinite set of Ward identities for adiabatic modes in cosmology</subfield>
  </datafield>
  <datafield tag="260" ind1=" " ind2=" ">
    <subfield code="c">2014-01-01</subfield>
    <subfield code="b">Institute of Physics Publishing/SISSA</subfield>
  </datafield>
  <datafield tag="520" ind1=" " ind2=" ">
    <subfield code="a">
We show that the correlation functions of any single-field
  cosmological model with constant growing-modes are constrained by an
  infinite number of novel consistency relations, which relate
  N+1-point correlation functions with a soft-momentum scalar or
  tensor mode to a symmetry transformation on N-point correlation
  functions of hard-momentum modes. We derive these consistency
  relations from Ward identities for an infinite tower of non-linearly
  realized global symmetries governing scalar and tensor
  perturbations. These symmetries can be labeled by an integer n.
  At each order n, the consistency relations constrain —
  completely for n = 0,1, and partially for n ⩾ 2 — the qn
  behavior of the soft limits.  The identities at n = 0 recover
  Maldacena's original consistency relations for a soft scalar and
  tensor mode, n = 1 gives the recently-discovered conformal
  consistency relations, and the identities for n ⩾ 2 are new.  As
  a check, we verify directly that the n = 2 identity is satisfied by
  known correlation functions in slow-roll inflation.</subfield>
  </datafield>
  <datafield tag="540" ind1=" " ind2=" ">
    <subfield code="a">CC-BY-3.0</subfield>
    <subfield code="u">http://creativecommons.org/licenses/by/3.0/</subfield>
  </datafield>
  <datafield tag="542" ind1=" " ind2=" ">
    <subfield code="f"></subfield>
  </datafield>
  <datafield tag="590" ind1=" " ind2=" ">
  </datafield>
  <datafield tag="590" ind1=" " ind2=" ">
  </datafield>
  <datafield tag="590" ind1=" " ind2=" ">
  </datafield>
  <datafield tag="591" ind1=" " ind2=" ">
    <subfield code="a">CC:1</subfield>
  </datafield>
  <datafield tag="591" ind1=" " ind2=" ">
    <subfield code="a">Authors:1</subfield>
  </datafield>
  <datafield tag="591" ind1=" " ind2=" ">
    <subfield code="a">SCOAP3:1</subfield>
  </datafield>
  <datafield tag="591" ind1=" " ind2=" ">
    <subfield code="a">Category:1</subfield>
  </datafield>
  <datafield tag="653" ind1="1" ind2=" ">
    <subfield code="a">cosmological perturbation theory</subfield>
    <subfield code="9">author</subfield>
  </datafield>
  <datafield tag="653" ind1="1" ind2=" ">
    <subfield code="a">physics of the early universe</subfield>
    <subfield code="9">author</subfield>
  </datafield>
  <datafield tag="700" ind1=" " ind2=" ">
    <subfield code="a">Hui, Lam</subfield>
    <subfield code="v">Physics Department and Institute for Strings, Cosmology and Astroparticle Physics,  Columbia University,  538 W 120 St., New York, NY 10027, U.S.A.</subfield>
    <subfield code="w">USA</subfield>
  </datafield>
  <datafield tag="700" ind1=" " ind2=" ">
    <subfield code="a">Khoury, Justin</subfield>
    <subfield code="v">Center for Particle Cosmology, Department of Physics &amp; Astronomy,   University of Pennsylvania,  209 South 33rd Street, Philadelphia, PA 19104, U.S.A.</subfield>
    <subfield code="w">USA</subfield>
  </datafield>
  <datafield tag="856" ind1="4" ind2=" ">
    <subfield code="s">183124</subfield>
    <subfield code="u">http://repo.scoap3.org/record/1091/files/fulltext.xml</subfield>
  </datafield>
  <datafield tag="856" ind1="4" ind2=" ">
    <subfield code="s">648500</subfield>
    <subfield code="u">http://repo.scoap3.org/record/1091/files/fulltext.pdf</subfield>
  </datafield>
  <datafield tag="909" ind1="C" ind2="O">
    <subfield code="o">oai:repo.scoap3.org:1091</subfield>
    <subfield code="p">GLOBAL_SET</subfield>
    <subfield code="p">JOURNAL_OF_COSMOLOGY_AND_ASTROPARTICLE_PHYSICS</subfield>
  </datafield>
  <datafield tag="980" ind1=" " ind2=" ">
    <subfield code="a">SCOAP3</subfield>
    <subfield code="b">IOP</subfield>
  </datafield>
</record>