
<record>
  <controlfield tag="001">1037</controlfield>
  <controlfield tag="005">20150408142617.0</controlfield>
  <datafield tag="022" ind1=" " ind2=" ">
    <subfield code="a">1475-7516</subfield>
  </datafield>
  <datafield tag="024" ind1="7" ind2=" ">
    <subfield code="a">10.1088/1475-7516/2014/01/029</subfield>
    <subfield code="2">DOI</subfield>
    <subfield code="t">2014-01-19T02:31:10Z</subfield>
  </datafield>
  <datafield tag="035" ind1=" " ind2=" ">
    <subfield code="a">1254532</subfield>
    <subfield code="9">INSPIRE</subfield>
  </datafield>
  <datafield tag="037" ind1=" " ind2=" ">
    <subfield code="a">arXiv:1309.4551</subfield>
    <subfield code="9">arXiv</subfield>
  </datafield>
  <datafield tag="100" ind1=" " ind2=" ">
    <subfield code="a">Kohri, Kazunori</subfield>
    <subfield code="v">Cosmophysics Group, Theory Center, IPNS KEK, and The Graduate University for Advanced Studies (Sokendai), 1-1 Oho, Tsukuba, 305-0801 Japan</subfield>
    <subfield code="w">Japan</subfield>
  </datafield>
  <datafield tag="773" ind1=" " ind2=" ">
    <subfield code="p">JCAP</subfield>
    <subfield code="v">1401</subfield>
    <subfield code="n">01</subfield>
    <subfield code="c">029</subfield>
    <subfield code="y">2014</subfield>
  </datafield>
  <datafield tag="245" ind1=" " ind2=" ">
    <subfield code="a">
Hilltop supernatural inflation and SUSY unified models</subfield>
  </datafield>
  <datafield tag="260" ind1=" " ind2=" ">
    <subfield code="c">2014-01-01</subfield>
    <subfield code="b">Institute of Physics Publishing/SISSA</subfield>
  </datafield>
  <datafield tag="520" ind1=" " ind2=" ">
    <subfield code="a">
In this paper, we consider high scale (100TeV) supersymmetry (SUSY) breaking and realize the idea of hilltop supernatural inflation in concrete particle physics models based on flipped-SU(5)and Pati-Salam models in the framework of supersymmetric grand unified theories (SUSY GUTs). The inflaton can be a flat direction including right-handed sneutrino and the waterfall field is a GUT Higgs. The spectral index is ns = 0.96 which fits very well with recent data by PLANCK satellite. There is no both thermal and non-thermal gravitino problems. Non-thermal leptogenesis can be resulted from the decay of right-handed sneutrino which plays (part of) the role of inflaton.</subfield>
  </datafield>
  <datafield tag="540" ind1=" " ind2=" ">
    <subfield code="a">CC-BY-3.0</subfield>
    <subfield code="u">http://creativecommons.org/licenses/by/3.0/</subfield>
  </datafield>
  <datafield tag="542" ind1=" " ind2=" ">
    <subfield code="f"></subfield>
  </datafield>
  <datafield tag="590" ind1=" " ind2=" ">
  </datafield>
  <datafield tag="590" ind1=" " ind2=" ">
  </datafield>
  <datafield tag="590" ind1=" " ind2=" ">
  </datafield>
  <datafield tag="591" ind1=" " ind2=" ">
    <subfield code="a">CC:1</subfield>
  </datafield>
  <datafield tag="591" ind1=" " ind2=" ">
    <subfield code="a">Authors:1</subfield>
  </datafield>
  <datafield tag="591" ind1=" " ind2=" ">
    <subfield code="a">SCOAP3:1</subfield>
  </datafield>
  <datafield tag="591" ind1=" " ind2=" ">
    <subfield code="a">Category:1</subfield>
  </datafield>
  <datafield tag="653" ind1="1" ind2=" ">
    <subfield code="a">inflation</subfield>
    <subfield code="9">author</subfield>
  </datafield>
  <datafield tag="653" ind1="1" ind2=" ">
    <subfield code="a">cosmology of theories beyond the SM</subfield>
    <subfield code="9">author</subfield>
  </datafield>
  <datafield tag="653" ind1="1" ind2=" ">
    <subfield code="a">particle physics - cosmology connection</subfield>
    <subfield code="9">author</subfield>
  </datafield>
  <datafield tag="700" ind1=" " ind2=" ">
    <subfield code="a">Lim, C.S.</subfield>
    <subfield code="v">Department of Mathematics, Tokyo Woman's Christian University, Tokyo, 167-8585 Japan</subfield>
    <subfield code="w">Japan</subfield>
  </datafield>
  <datafield tag="700" ind1=" " ind2=" ">
    <subfield code="a">Lin, Chia-Min</subfield>
    <subfield code="v">Department of Physics, Chuo University, Bunkyo-ku, Tokyo, 112 Japan</subfield>
    <subfield code="w">Japan</subfield>
  </datafield>
  <datafield tag="700" ind1=" " ind2=" ">
    <subfield code="a">Mimura, Yukihiro</subfield>
    <subfield code="v">Department of Physics, National Taiwan University, Taipei, 10617 Taiwan (R.O.C.)</subfield>
    <subfield code="w">Taiwan</subfield>
  </datafield>
  <datafield tag="856" ind1="4" ind2=" ">
    <subfield code="s">568358</subfield>
    <subfield code="u">http://repo.scoap3.org/record/1037/files/fulltext.pdf</subfield>
  </datafield>
  <datafield tag="856" ind1="4" ind2=" ">
    <subfield code="s">79394</subfield>
    <subfield code="u">http://repo.scoap3.org/record/1037/files/fulltext.xml</subfield>
  </datafield>
  <datafield tag="909" ind1="C" ind2="O">
    <subfield code="o">oai:repo.scoap3.org:1037</subfield>
    <subfield code="p">GLOBAL_SET</subfield>
    <subfield code="p">JOURNAL_OF_COSMOLOGY_AND_ASTROPARTICLE_PHYSICS</subfield>
  </datafield>
  <datafield tag="980" ind1=" " ind2=" ">
    <subfield code="a">SCOAP3</subfield>
    <subfield code="b">IOP</subfield>
  </datafield>
</record>