
<record>
  <controlfield tag="001">1035</controlfield>
  <controlfield tag="005">20151125143717.0</controlfield>
  <datafield tag="022" ind1=" " ind2=" ">
    <subfield code="a">1475-7516</subfield>
  </datafield>
  <datafield tag="024" ind1="7" ind2=" ">
    <subfield code="a">10.1088/1475-7516/2014/01/023</subfield>
    <subfield code="2">DOI</subfield>
    <subfield code="t">2014-01-16T02:20:41Z</subfield>
  </datafield>
  <datafield tag="035" ind1=" " ind2=" ">
    <subfield code="a">1269766</subfield>
    <subfield code="9">INSPIRE</subfield>
  </datafield>
  <datafield tag="037" ind1=" " ind2=" ">
    <subfield code="a">arXiv:1312.4795</subfield>
    <subfield code="9">arXiv</subfield>
  </datafield>
  <datafield tag="100" ind1=" " ind2=" ">
    <subfield code="a">Dvali, Gia</subfield>
    <subfield code="v">Arnold Sommerfeld Center for Theoretical Physics,  Department f?r Physik, Ludwig-Maximilians-Universit?t M?nchen,  Theresienstr. 37, 80333 M?nchen, Germany</subfield>
    <subfield code="v">Max-Planck-Institut f?r Physik,  F?hringer Ring 6, 80805 M?nchen, Germany</subfield>
    <subfield code="v">Center for Cosmology and Particle Physics, Department of Physics, New York University,  4 Washington Place, New York, NY 10003, U.S.A.</subfield>
    <subfield code="w">Germany</subfield>
    <subfield code="w">USA</subfield>
  </datafield>
  <datafield tag="773" ind1=" " ind2=" ">
    <subfield code="p">JCAP</subfield>
    <subfield code="v">1401</subfield>
    <subfield code="n">01</subfield>
    <subfield code="c">023</subfield>
    <subfield code="y">2014</subfield>
  </datafield>
  <datafield tag="245" ind1=" " ind2=" ">
    <subfield code="a">
Quantum compositeness of gravity: black holes, AdS and inflation</subfield>
  </datafield>
  <datafield tag="260" ind1=" " ind2=" ">
    <subfield code="c">2014-01-01</subfield>
    <subfield code="b">Institute of Physics Publishing/SISSA</subfield>
  </datafield>
  <datafield tag="520" ind1=" " ind2=" ">
    <subfield code="a">
Gravitational backgrounds, such as black holes,  AdS, de Sitter  and inflationary universes, should be viewed as
composite of N
soft constituent gravitons.  It then follows that such systems are close to quantum criticality of graviton Bose-gas to Bose-liquid
transition.
Generic properties of the ordinary metric description, including geodesic motion or
particle-creation in the background metric, emerge as the large-N limit of quantum scattering of constituent longitudinal gravitons.
We show that this picture correctly accounts
for physics of large and small black holes in AdS, as well as reproduces well-known inflationary
predictions for cosmological parameters. However, it anticipates new effects not captured by the standard semi-classical treatment. In particular, we predict observable corrections that
are sensitive to the inflationary history way beyond last 60 e-foldings.
 We derive an absolute upper bound on the number of e-foldings,
 beyond which neither de Sitter nor inflationary Universe can be approximated by a semi-classical
 metric.  However, they could in principle persist in a new type of quantum eternity  state.
 We discuss implications of this phenomenon for the cosmological constant problem.</subfield>
  </datafield>
  <datafield tag="540" ind1=" " ind2=" ">
    <subfield code="a">CC-BY-3.0</subfield>
    <subfield code="u">http://creativecommons.org/licenses/by/3.0/</subfield>
  </datafield>
  <datafield tag="542" ind1=" " ind2=" ">
    <subfield code="f"></subfield>
  </datafield>
  <datafield tag="590" ind1=" " ind2=" ">
  </datafield>
  <datafield tag="590" ind1=" " ind2=" ">
  </datafield>
  <datafield tag="590" ind1=" " ind2=" ">
  </datafield>
  <datafield tag="591" ind1=" " ind2=" ">
    <subfield code="a">CC:1</subfield>
  </datafield>
  <datafield tag="591" ind1=" " ind2=" ">
    <subfield code="a">Authors:1</subfield>
  </datafield>
  <datafield tag="591" ind1=" " ind2=" ">
    <subfield code="a">SCOAP3:1</subfield>
  </datafield>
  <datafield tag="591" ind1=" " ind2=" ">
    <subfield code="a">Category:1</subfield>
  </datafield>
  <datafield tag="653" ind1="1" ind2=" ">
    <subfield code="a">dark energy theory</subfield>
    <subfield code="9">author</subfield>
  </datafield>
  <datafield tag="653" ind1="1" ind2=" ">
    <subfield code="a">cosmological perturbation theory</subfield>
    <subfield code="9">author</subfield>
  </datafield>
  <datafield tag="653" ind1="1" ind2=" ">
    <subfield code="a">inflation</subfield>
    <subfield code="9">author</subfield>
  </datafield>
  <datafield tag="653" ind1="1" ind2=" ">
    <subfield code="a">gravity</subfield>
    <subfield code="9">author</subfield>
  </datafield>
  <datafield tag="700" ind1=" " ind2=" ">
    <subfield code="a">Gomez, Cesar</subfield>
    <subfield code="v">Arnold Sommerfeld Center for Theoretical Physics,  Department f?r Physik, Ludwig-Maximilians-Universit?t M?nchen,  Theresienstr. 37, 80333 M?nchen, Germany</subfield>
    <subfield code="v">Instituto de F?sica Te?rica UAM-CSIC, C-XVI, Universidad Aut?noma de Madrid,  Cantoblanco, 28049 Madrid, Spain</subfield>
    <subfield code="w">Germany</subfield>
    <subfield code="w">Spain</subfield>
  </datafield>
  <datafield tag="856" ind1="4" ind2=" ">
    <subfield code="s">173112</subfield>
    <subfield code="u">http://repo.scoap3.org/record/1035/files/fulltext.xml</subfield>
  </datafield>
  <datafield tag="856" ind1="4" ind2=" ">
    <subfield code="s">884193</subfield>
    <subfield code="u">http://repo.scoap3.org/record/1035/files/fulltext.pdf</subfield>
  </datafield>
  <datafield tag="909" ind1="C" ind2="O">
    <subfield code="o">oai:repo.scoap3.org:1035</subfield>
    <subfield code="p">GLOBAL_SET</subfield>
    <subfield code="p">JOURNAL_OF_COSMOLOGY_AND_ASTROPARTICLE_PHYSICS</subfield>
  </datafield>
  <datafield tag="980" ind1=" " ind2=" ">
    <subfield code="a">SCOAP3</subfield>
    <subfield code="b">IOP</subfield>
  </datafield>
</record>