
<record>
  <controlfield tag="001">787</controlfield>
  <controlfield tag="005">20151125143542.0</controlfield>
  <datafield tag="022" ind1=" " ind2=" ">
    <subfield code="a">1475-7516</subfield>
  </datafield>
  <datafield tag="024" ind1="7" ind2=" ">
    <subfield code="a">10.1088/1475-7516/2014/01/008</subfield>
    <subfield code="2">DOI</subfield>
    <subfield code="t">2014-01-08T15:13:03Z</subfield>
  </datafield>
  <datafield tag="035" ind1=" " ind2=" ">
    <subfield code="a">1254167</subfield>
    <subfield code="9">INSPIRE</subfield>
  </datafield>
  <datafield tag="037" ind1=" " ind2=" ">
    <subfield code="a">arXiv:1309.3748</subfield>
    <subfield code="9">arXiv</subfield>
  </datafield>
  <datafield tag="100" ind1=" " ind2=" ">
    <subfield code="a">Bamba, Kazuharu</subfield>
    <subfield code="v">Kobayashi-Maskawa Institute for the Origin of Particles and the Universe, Nagoya University, Nagoya 464-8602, Japan</subfield>
    <subfield code="w">Japan</subfield>
  </datafield>
  <datafield tag="773" ind1=" " ind2=" ">
    <subfield code="p">JCAP</subfield>
    <subfield code="v">1401</subfield>
    <subfield code="n">01</subfield>
    <subfield code="c">008</subfield>
    <subfield code="y">2014</subfield>
  </datafield>
  <datafield tag="245" ind1=" " ind2=" ">
    <subfield code="a">
Bounce cosmology from F(R) gravity and F(R) bigravity</subfield>
  </datafield>
  <datafield tag="260" ind1=" " ind2=" ">
    <subfield code="c">2014-01-01</subfield>
    <subfield code="b">Institute of Physics Publishing/SISSA</subfield>
  </datafield>
  <datafield tag="520" ind1=" " ind2=" ">
    <subfield code="a">We reconstruct F(R) gravity models with exponential and power-law forms of the scale factor in which bounce cosmology can be realized. 
We explore the stability of the reconstructed models with 
analyzing the perturbations from the background solutions. 
Furthermore, we study an F(R) gravity model with a sum of exponentials 
form of the scale factor, where the bounce in the early universe as well as 
the late-time cosmic acceleration can be realized in a unified manner. 
As a result, we build a second order polynomial type model in terms of R 
and show that it could be stable. 
Moreover, when the scale factor is expressed by an exponential form, 
we derive F(R) gravity models of a polynomial type 
in case of the non-zero spatial curvature 
and that of a generic type in that of the zero spatial curvature. 
In addition, for an exponential form of the scale factor, 
an F(R) bigravity model realizing the bouncing behavior 
is reconstructed. It is found that in both the physical and reference metrics 
the bouncing phenomenon can occur, although in general 
the contraction and expansion rates are different each other.</subfield>
  </datafield>
  <datafield tag="540" ind1=" " ind2=" ">
    <subfield code="a">CC-BY-3.0</subfield>
    <subfield code="u">http://creativecommons.org/licenses/by/3.0/</subfield>
  </datafield>
  <datafield tag="542" ind1=" " ind2=" ">
    <subfield code="f"></subfield>
  </datafield>
  <datafield tag="590" ind1=" " ind2=" ">
  </datafield>
  <datafield tag="590" ind1=" " ind2=" ">
  </datafield>
  <datafield tag="590" ind1=" " ind2=" ">
  </datafield>
  <datafield tag="591" ind1=" " ind2=" ">
    <subfield code="a">CC:1</subfield>
  </datafield>
  <datafield tag="591" ind1=" " ind2=" ">
    <subfield code="a">Authors:1</subfield>
  </datafield>
  <datafield tag="591" ind1=" " ind2=" ">
    <subfield code="a">SCOAP3:1</subfield>
  </datafield>
  <datafield tag="591" ind1=" " ind2=" ">
    <subfield code="a">Category:1</subfield>
  </datafield>
  <datafield tag="653" ind1="1" ind2=" ">
    <subfield code="a">dark energy theory</subfield>
    <subfield code="9">author</subfield>
  </datafield>
  <datafield tag="653" ind1="1" ind2=" ">
    <subfield code="a">cosmic singularity</subfield>
    <subfield code="9">author</subfield>
  </datafield>
  <datafield tag="700" ind1=" " ind2=" ">
    <subfield code="a">Makarenko, Andrey N.</subfield>
    <subfield code="v">Tomsk State Pedagogical University, Kievskaya Avenue, 60,  634061, Tomsk, Russia</subfield>
    <subfield code="w">Russia</subfield>
  </datafield>
  <datafield tag="700" ind1=" " ind2=" ">
    <subfield code="a">Myagky, Alexandr N.</subfield>
    <subfield code="v">Tomsk Polytechnic University, Lenin Avenue, 30,  634050, Tomsk, Russia</subfield>
    <subfield code="w">Russia</subfield>
  </datafield>
  <datafield tag="700" ind1=" " ind2=" ">
    <subfield code="a">Nojiri, Shin'ichi</subfield>
    <subfield code="v">Kobayashi-Maskawa Institute for the Origin of Particles and the Universe, Nagoya University, Nagoya 464-8602, Japan</subfield>
    <subfield code="v">Department of Physics, Nagoya University, Nagoya 464-8602, Japan</subfield>
    <subfield code="w">Japan</subfield>
  </datafield>
  <datafield tag="700" ind1=" " ind2=" ">
    <subfield code="a">Odintsov, Sergei D.</subfield>
    <subfield code="v">Tomsk State Pedagogical University, Kievskaya Avenue, 60,  634061, Tomsk, Russia</subfield>
    <subfield code="v">Instituciò Catalana de Recerca i Estudis Avançats (ICREA),  Barcelona, Spain</subfield>
    <subfield code="v">Institut de Ciencies de l'Espai (CSIC-IEEC),  Campus UAB, Facultat de Ciencies, Torre C5-Par-2a pl, E-08193 Bellaterra (Barcelona), Spain</subfield>
    <subfield code="w">Russia</subfield>
    <subfield code="w">Spain</subfield>
  </datafield>
  <datafield tag="856" ind1="4" ind2=" ">
    <subfield code="s">113910</subfield>
    <subfield code="u">http://repo.scoap3.org/record/787/files/fulltext.xml</subfield>
  </datafield>
  <datafield tag="856" ind1="4" ind2=" ">
    <subfield code="s">705969</subfield>
    <subfield code="u">http://repo.scoap3.org/record/787/files/fulltext.pdf</subfield>
  </datafield>
  <datafield tag="909" ind1="C" ind2="O">
    <subfield code="o">oai:repo.scoap3.org:787</subfield>
    <subfield code="p">GLOBAL_SET</subfield>
    <subfield code="p">JOURNAL_OF_COSMOLOGY_AND_ASTROPARTICLE_PHYSICS</subfield>
  </datafield>
  <datafield tag="980" ind1=" " ind2=" ">
    <subfield code="a">SCOAP3</subfield>
    <subfield code="b">IOP</subfield>
  </datafield>
</record>